%YAML 1.1
%TAG !u! tag:unity3d.com,2011:
--- !u!1 &3768556976348189493
GameObject:
  m_ObjectHideFlags: 0
  m_CorrespondingSourceObject: {fileID: 0}
  m_PrefabInstance: {fileID: 0}
  m_PrefabAsset: {fileID: 0}
  serializedVersion: 6
  m_Component:
  - component: {fileID: 5139584977460860278}
  m_Layer: 0
  m_Name: Trash 3
  m_TagString: Untagged
  m_Icon: {fileID: 0}
  m_NavMeshLayer: 0
  m_StaticEditorFlags: 0
  m_IsActive: 1
--- !u!4 &5139584977460860278
Transform:
  m_ObjectHideFlags: 0
  m_CorrespondingSourceObject: {fileID: 0}
  m_PrefabInstance: {fileID: 0}
  m_PrefabAsset: {fileID: 0}
  m_GameObject: {fileID: 3768556976348189493}
  m_LocalRotation: {x: 0, y: 0, z: 0, w: 1}
  m_LocalPosition: {x: -3.0811398, y: 0.17415701, z: 3.513836}
  m_LocalScale: {x: 1, y: 1, z: 1}
  m_Children:
  - {fileID: 4436518711584048028}
  - {fileID: 1206033098342255021}
  - {fileID: 927057530160682854}
  - {fileID: 7615207866853710352}
  - {fileID: 7863789899351499522}
  - {fileID: 5367241224894683103}
  - {fileID: 5326272048928940643}
  - {fileID: 8605604474665338501}
  m_Father: {fileID: 0}
  m_RootOrder: 0
  m_LocalEulerAnglesHint: {x: 0, y: 0, z: 0}
--- !u!1001 &1947266834544206991
PrefabInstance:
  m_ObjectHideFlags: 0
  serializedVersion: 2
  m_Modification:
    m_TransformParent: {fileID: 5139584977460860278}
    m_Modifications:
    - target: {fileID: 8514019780725737357, guid: 0c5f4acc08cabce4a891d28852a9e4ab, type: 3}
      propertyPath: m_LocalPosition.x
      value: 0.27711964
      objectReference: {fileID: 0}
    - target: {fileID: 8514019780725737357, guid: 0c5f4acc08cabce4a891d28852a9e4ab, type: 3}
      propertyPath: m_LocalPosition.y
      value: -0.16050301
      objectReference: {fileID: 0}
    - target: {fileID: 8514019780725737357, guid: 0c5f4acc08cabce4a891d28852a9e4ab, type: 3}
      propertyPath: m_LocalPosition.z
      value: -0.040000677
      objectReference: {fileID: 0}
    - target: {fileID: 8514019780725737357, guid: 0c5f4acc08cabce4a891d28852a9e4ab, type: 3}
      propertyPath: m_LocalRotation.x
      value: -0.27059534
      objectReference: {fileID: 0}
    - target: {fileID: 8514019780725737357, guid: 0c5f4acc08cabce4a891d28852a9e4ab, type: 3}
      propertyPath: m_LocalRotation.y
      value: -0.6532834
      objectReference: {fileID: 0}
    - target: {fileID: 8514019780725737357, guid: 0c5f4acc08cabce4a891d28852a9e4ab, type: 3}
      propertyPath: m_LocalRotation.z
      value: 0.65328157
      objectReference: {fileID: 0}
    - target: {fileID: 8514019780725737357, guid: 0c5f4acc08cabce4a891d28852a9e4ab, type: 3}
      propertyPath: m_LocalRotation.w
      value: -0.27059597
      objectReference: {fileID: 0}
    - target: {fileID: 8514019780725737357, guid: 0c5f4acc08cabce4a891d28852a9e4ab, type: 3}
      propertyPath: m_RootOrder
      value: 4
      objectReference: {fileID: 0}
    - target: {fileID: 8514019780725737357, guid: 0c5f4acc08cabce4a891d28852a9e4ab, type: 3}
      propertyPath: m_LocalEulerAnglesHint.x
      value: 90
      objectReference: {fileID: 0}
    - target: {fileID: 8514019780725737357, guid: 0c5f4acc08cabce4a891d28852a9e4ab, type: 3}
      propertyPath: m_LocalEulerAnglesHint.y
      value: 0
      objectReference: {fileID: 0}
    - target: {fileID: 8514019780725737357, guid: 0c5f4acc08cabce4a891d28852a9e4ab, type: 3}
      propertyPath: m_LocalEulerAnglesHint.z
      value: 225
      objectReference: {fileID: 0}
    - target: {fileID: 8514019780725737357, guid: 0c5f4acc08cabce4a891d28852a9e4ab, type: 3}
      propertyPath: m_LocalScale.x
      value: 0.24087001
      objectReference: {fileID: 0}
    - target: {fileID: 8514019780725737357, guid: 0c5f4acc08cabce4a891d28852a9e4ab, type: 3}
      propertyPath: m_LocalScale.y
      value: 0.24087003
      objectReference: {fileID: 0}
    - target: {fileID: 9037615376594033975, guid: 0c5f4acc08cabce4a891d28852a9e4ab, type: 3}
      propertyPath: m_Name
      value: bone_low (2)
      objectReference: {fileID: 0}
    m_RemovedComponents: []
  m_SourcePrefab: {fileID: 100100000, guid: 0c5f4acc08cabce4a891d28852a9e4ab, type: 3}
--- !u!4 &7863789899351499522 stripped
Transform:
  m_CorrespondingSourceObject: {fileID: 8514019780725737357, guid: 0c5f4acc08cabce4a891d28852a9e4ab, type: 3}
  m_PrefabInstance: {fileID: 1947266834544206991}
  m_PrefabAsset: {fileID: 0}
--- !u!1001 &2243638773404523628
PrefabInstance:
  m_ObjectHideFlags: 0
  serializedVersion: 2
  m_Modification:
    m_TransformParent: {fileID: 5139584977460860278}
    m_Modifications:
    - target: {fileID: 1440747787930422026, guid: 4046ab229cbb9c84d9ffed64656b8ec0, type: 3}
      propertyPath: m_LocalPosition.x
      value: -0.1869
      objectReference: {fileID: 0}
    - target: {fileID: 1440747787930422026, guid: 4046ab229cbb9c84d9ffed64656b8ec0, type: 3}
      propertyPath: m_LocalPosition.y
      value: -0.17118742
      objectReference: {fileID: 0}
    - target: {fileID: 1440747787930422026, guid: 4046ab229cbb9c84d9ffed64656b8ec0, type: 3}
      propertyPath: m_LocalPosition.z
      value: -0.0934
      objectReference: {fileID: 0}
    - target: {fileID: 1440747787930422026, guid: 4046ab229cbb9c84d9ffed64656b8ec0, type: 3}
      propertyPath: m_LocalRotation.x
      value: -0
      objectReference: {fileID: 0}
    - target: {fileID: 1440747787930422026, guid: 4046ab229cbb9c84d9ffed64656b8ec0, type: 3}
      propertyPath: m_LocalRotation.y
      value: 0.38268274
      objectReference: {fileID: 0}
    - target: {fileID: 1440747787930422026, guid: 4046ab229cbb9c84d9ffed64656b8ec0, type: 3}
      propertyPath: m_LocalRotation.z
      value: -0
      objectReference: {fileID: 0}
    - target: {fileID: 1440747787930422026, guid: 4046ab229cbb9c84d9ffed64656b8ec0, type: 3}
      propertyPath: m_LocalRotation.w
      value: 0.9238798
      objectReference: {fileID: 0}
    - target: {fileID: 1440747787930422026, guid: 4046ab229cbb9c84d9ffed64656b8ec0, type: 3}
      propertyPath: m_RootOrder
      value: 2
      objectReference: {fileID: 0}
    - target: {fileID: 1440747787930422026, guid: 4046ab229cbb9c84d9ffed64656b8ec0, type: 3}
      propertyPath: m_LocalEulerAnglesHint.x
      value: 0
      objectReference: {fileID: 0}
    - target: {fileID: 1440747787930422026, guid: 4046ab229cbb9c84d9ffed64656b8ec0, type: 3}
      propertyPath: m_LocalEulerAnglesHint.y
      value: 45
      objectReference: {fileID: 0}
    - target: {fileID: 1440747787930422026, guid: 4046ab229cbb9c84d9ffed64656b8ec0, type: 3}
      propertyPath: m_LocalEulerAnglesHint.z
      value: 0
      objectReference: {fileID: 0}
    - target: {fileID: 1780400516974875056, guid: 4046ab229cbb9c84d9ffed64656b8ec0, type: 3}
      propertyPath: m_Name
      value: fork
      objectReference: {fileID: 0}
    m_RemovedComponents: []
  m_SourcePrefab: {fileID: 100100000, guid: 4046ab229cbb9c84d9ffed64656b8ec0, type: 3}
--- !u!4 &927057530160682854 stripped
Transform:
  m_CorrespondingSourceObject: {fileID: 1440747787930422026, guid: 4046ab229cbb9c84d9ffed64656b8ec0, type: 3}
  m_PrefabInstance: {fileID: 2243638773404523628}
  m_PrefabAsset: {fileID: 0}
--- !u!1001 &2443569265957347053
PrefabInstance:
  m_ObjectHideFlags: 0
  serializedVersion: 2
  m_Modification:
    m_TransformParent: {fileID: 5139584977460860278}
    m_Modifications:
    - target: {fileID: 6234234098580428904, guid: 9bcdc947b2c2438499fdb386ec0f06bf, type: 3}
      propertyPath: m_LocalPosition.x
      value: 0.03848076
      objectReference: {fileID: 0}
    - target: {fileID: 6234234098580428904, guid: 9bcdc947b2c2438499fdb386ec0f06bf, type: 3}
      propertyPath: m_LocalPosition.y
      value: -0.17302401
      objectReference: {fileID: 0}
    - target: {fileID: 6234234098580428904, guid: 9bcdc947b2c2438499fdb386ec0f06bf, type: 3}
      propertyPath: m_LocalPosition.z
      value: -0.12995958
      objectReference: {fileID: 0}
    - target: {fileID: 6234234098580428904, guid: 9bcdc947b2c2438499fdb386ec0f06bf, type: 3}
      propertyPath: m_LocalRotation.x
      value: -0
      objectReference: {fileID: 0}
    - target: {fileID: 6234234098580428904, guid: 9bcdc947b2c2438499fdb386ec0f06bf, type: 3}
      propertyPath: m_LocalRotation.y
      value: -0.89708877
      objectReference: {fileID: 0}
    - target: {fileID: 6234234098580428904, guid: 9bcdc947b2c2438499fdb386ec0f06bf, type: 3}
      propertyPath: m_LocalRotation.z
      value: -0
      objectReference: {fileID: 0}
    - target: {fileID: 6234234098580428904, guid: 9bcdc947b2c2438499fdb386ec0f06bf, type: 3}
      propertyPath: m_LocalRotation.w
      value: 0.44185045
      objectReference: {fileID: 0}
    - target: {fileID: 6234234098580428904, guid: 9bcdc947b2c2438499fdb386ec0f06bf, type: 3}
      propertyPath: m_RootOrder
      value: 7
      objectReference: {fileID: 0}
    - target: {fileID: 6234234098580428904, guid: 9bcdc947b2c2438499fdb386ec0f06bf, type: 3}
      propertyPath: m_LocalEulerAnglesHint.x
      value: 0
      objectReference: {fileID: 0}
    - target: {fileID: 6234234098580428904, guid: 9bcdc947b2c2438499fdb386ec0f06bf, type: 3}
      propertyPath: m_LocalEulerAnglesHint.y
      value: -127.556
      objectReference: {fileID: 0}
    - target: {fileID: 6234234098580428904, guid: 9bcdc947b2c2438499fdb386ec0f06bf, type: 3}
      propertyPath: m_LocalEulerAnglesHint.z
      value: 0
      objectReference: {fileID: 0}
    - target: {fileID: 6759800018480382674, guid: 9bcdc947b2c2438499fdb386ec0f06bf, type: 3}
      propertyPath: m_Name
      value: knife (1)
      objectReference: {fileID: 0}
    m_RemovedComponents: []
  m_SourcePrefab: {fileID: 100100000, guid: 9bcdc947b2c2438499fdb386ec0f06bf, type: 3}
--- !u!4 &8605604474665338501 stripped
Transform:
  m_CorrespondingSourceObject: {fileID: 6234234098580428904, guid: 9bcdc947b2c2438499fdb386ec0f06bf, type: 3}
  m_PrefabInstance: {fileID: 2443569265957347053}
  m_PrefabAsset: {fileID: 0}
--- !u!1001 &4618528118960909680
PrefabInstance:
  m_ObjectHideFlags: 0
  serializedVersion: 2
  m_Modification:
    m_TransformParent: {fileID: 5139584977460860278}
    m_Modifications:
    - target: {fileID: 85527724827811861, guid: 4c80b1e8b0a485b4ba0dec74ce0a4345, type: 3}
      propertyPath: m_Name
      value: skillet_low
      objectReference: {fileID: 0}
    - target: {fileID: 748736287023790767, guid: 4c80b1e8b0a485b4ba0dec74ce0a4345, type: 3}
      propertyPath: m_LocalPosition.x
      value: 0.09412837
      objectReference: {fileID: 0}
    - target: {fileID: 748736287023790767, guid: 4c80b1e8b0a485b4ba0dec74ce0a4345, type: 3}
      propertyPath: m_LocalPosition.y
      value: -0.16704
      objectReference: {fileID: 0}
    - target: {fileID: 748736287023790767, guid: 4c80b1e8b0a485b4ba0dec74ce0a4345, type: 3}
      propertyPath: m_LocalPosition.z
      value: 0.030459642
      objectReference: {fileID: 0}
    - target: {fileID: 748736287023790767, guid: 4c80b1e8b0a485b4ba0dec74ce0a4345, type: 3}
      propertyPath: m_LocalRotation.x
      value: -0.09229782
      objectReference: {fileID: 0}
    - target: {fileID: 748736287023790767, guid: 4c80b1e8b0a485b4ba0dec74ce0a4345, type: 3}
      propertyPath: m_LocalRotation.y
      value: -0.7010573
      objectReference: {fileID: 0}
    - target: {fileID: 748736287023790767, guid: 4c80b1e8b0a485b4ba0dec74ce0a4345, type: 3}
      propertyPath: m_LocalRotation.z
      value: -0.701057
      objectReference: {fileID: 0}
    - target: {fileID: 748736287023790767, guid: 4c80b1e8b0a485b4ba0dec74ce0a4345, type: 3}
      propertyPath: m_LocalRotation.w
      value: 0.09229783
      objectReference: {fileID: 0}
    - target: {fileID: 748736287023790767, guid: 4c80b1e8b0a485b4ba0dec74ce0a4345, type: 3}
      propertyPath: m_RootOrder
      value: 5
      objectReference: {fileID: 0}
    - target: {fileID: 748736287023790767, guid: 4c80b1e8b0a485b4ba0dec74ce0a4345, type: 3}
      propertyPath: m_LocalEulerAnglesHint.x
      value: -90
      objectReference: {fileID: 0}
    - target: {fileID: 748736287023790767, guid: 4c80b1e8b0a485b4ba0dec74ce0a4345, type: 3}
      propertyPath: m_LocalEulerAnglesHint.y
      value: 0
      objectReference: {fileID: 0}
    - target: {fileID: 748736287023790767, guid: 4c80b1e8b0a485b4ba0dec74ce0a4345, type: 3}
      propertyPath: m_LocalEulerAnglesHint.z
      value: -165
      objectReference: {fileID: 0}
    - target: {fileID: 748736287023790767, guid: 4c80b1e8b0a485b4ba0dec74ce0a4345, type: 3}
      propertyPath: m_LocalScale.x
      value: 0.0030476002
      objectReference: {fileID: 0}
    - target: {fileID: 748736287023790767, guid: 4c80b1e8b0a485b4ba0dec74ce0a4345, type: 3}
      propertyPath: m_LocalScale.y
      value: 0.0030476002
      objectReference: {fileID: 0}
    - target: {fileID: 748736287023790767, guid: 4c80b1e8b0a485b4ba0dec74ce0a4345, type: 3}
      propertyPath: m_LocalScale.z
      value: 0.0030476002
      objectReference: {fileID: 0}
    m_RemovedComponents: []
  m_SourcePrefab: {fileID: 100100000, guid: 4c80b1e8b0a485b4ba0dec74ce0a4345, type: 3}
--- !u!4 &5367241224894683103 stripped
Transform:
  m_CorrespondingSourceObject: {fileID: 748736287023790767, guid: 4c80b1e8b0a485b4ba0dec74ce0a4345, type: 3}
  m_PrefabInstance: {fileID: 4618528118960909680}
  m_PrefabAsset: {fileID: 0}
--- !u!1001 &5060007861653754309
PrefabInstance:
  m_ObjectHideFlags: 0
  serializedVersion: 2
  m_Modification:
    m_TransformParent: {fileID: 5139584977460860278}
    m_Modifications:
    - target: {fileID: 6234234098580428904, guid: 9bcdc947b2c2438499fdb386ec0f06bf, type: 3}
      propertyPath: m_LocalPosition.x
      value: 0.2716272
      objectReference: {fileID: 0}
    - target: {fileID: 6234234098580428904, guid: 9bcdc947b2c2438499fdb386ec0f06bf, type: 3}
      propertyPath: m_LocalPosition.y
      value: -0.17302401
      objectReference: {fileID: 0}
    - target: {fileID: 6234234098580428904, guid: 9bcdc947b2c2438499fdb386ec0f06bf, type: 3}
      propertyPath: m_LocalPosition.z
      value: 0.050289392
      objectReference: {fileID: 0}
    - target: {fileID: 6234234098580428904, guid: 9bcdc947b2c2438499fdb386ec0f06bf, type: 3}
      propertyPath: m_LocalRotation.x
      value: -0
      objectReference: {fileID: 0}
    - target: {fileID: 6234234098580428904, guid: 9bcdc947b2c2438499fdb386ec0f06bf, type: 3}
      propertyPath: m_LocalRotation.y
      value: 0.70709723
      objectReference: {fileID: 0}
    - target: {fileID: 6234234098580428904, guid: 9bcdc947b2c2438499fdb386ec0f06bf, type: 3}
      propertyPath: m_LocalRotation.z
      value: -0
      objectReference: {fileID: 0}
    - target: {fileID: 6234234098580428904, guid: 9bcdc947b2c2438499fdb386ec0f06bf, type: 3}
      propertyPath: m_LocalRotation.w
      value: 0.70711637
      objectReference: {fileID: 0}
    - target: {fileID: 6234234098580428904, guid: 9bcdc947b2c2438499fdb386ec0f06bf, type: 3}
      propertyPath: m_RootOrder
      value: 1
      objectReference: {fileID: 0}
    - target: {fileID: 6234234098580428904, guid: 9bcdc947b2c2438499fdb386ec0f06bf, type: 3}
      propertyPath: m_LocalEulerAnglesHint.x
      value: 0
      objectReference: {fileID: 0}
    - target: {fileID: 6234234098580428904, guid: 9bcdc947b2c2438499fdb386ec0f06bf, type: 3}
      propertyPath: m_LocalEulerAnglesHint.y
      value: 89.998
      objectReference: {fileID: 0}
    - target: {fileID: 6234234098580428904, guid: 9bcdc947b2c2438499fdb386ec0f06bf, type: 3}
      propertyPath: m_LocalEulerAnglesHint.z
      value: 0
      objectReference: {fileID: 0}
    - target: {fileID: 6759800018480382674, guid: 9bcdc947b2c2438499fdb386ec0f06bf, type: 3}
      propertyPath: m_Name
      value: knife
      objectReference: {fileID: 0}
    m_RemovedComponents: []
  m_SourcePrefab: {fileID: 100100000, guid: 9bcdc947b2c2438499fdb386ec0f06bf, type: 3}
--- !u!4 &1206033098342255021 stripped
Transform:
  m_CorrespondingSourceObject: {fileID: 6234234098580428904, guid: 9bcdc947b2c2438499fdb386ec0f06bf, type: 3}
  m_PrefabInstance: {fileID: 5060007861653754309}
  m_PrefabAsset: {fileID: 0}
--- !u!1001 &5455672941680903185
PrefabInstance:
  m_ObjectHideFlags: 0
  serializedVersion: 2
  m_Modification:
    m_TransformParent: {fileID: 5139584977460860278}
    m_Modifications:
    - target: {fileID: 8514019780725737357, guid: 0c5f4acc08cabce4a891d28852a9e4ab, type: 3}
      propertyPath: m_LocalPosition.x
      value: -0.27433
      objectReference: {fileID: 0}
    - target: {fileID: 8514019780725737357, guid: 0c5f4acc08cabce4a891d28852a9e4ab, type: 3}
      propertyPath: m_LocalPosition.y
      value: -0.1605
      objectReference: {fileID: 0}
    - target: {fileID: 8514019780725737357, guid: 0c5f4acc08cabce4a891d28852a9e4ab, type: 3}
      propertyPath: m_LocalPosition.z
      value: 0.027639
      objectReference: {fileID: 0}
    - target: {fileID: 8514019780725737357, guid: 0c5f4acc08cabce4a891d28852a9e4ab, type: 3}
      propertyPath: m_LocalRotation.x
      value: 0.7010564
      objectReference: {fileID: 0}
    - target: {fileID: 8514019780725737357, guid: 0c5f4acc08cabce4a891d28852a9e4ab, type: 3}
      propertyPath: m_LocalRotation.y
      value: -0.09229592
      objectReference: {fileID: 0}
    - target: {fileID: 8514019780725737357, guid: 0c5f4acc08cabce4a891d28852a9e4ab, type: 3}
      propertyPath: m_LocalRotation.z
      value: 0.092295624
      objectReference: {fileID: 0}
    - target: {fileID: 8514019780725737357, guid: 0c5f4acc08cabce4a891d28852a9e4ab, type: 3}
      propertyPath: m_LocalRotation.w
      value: 0.70105845
      objectReference: {fileID: 0}
    - target: {fileID: 8514019780725737357, guid: 0c5f4acc08cabce4a891d28852a9e4ab, type: 3}
      propertyPath: m_RootOrder
      value: 0
      objectReference: {fileID: 0}
    - target: {fileID: 8514019780725737357, guid: 0c5f4acc08cabce4a891d28852a9e4ab, type: 3}
      propertyPath: m_LocalEulerAnglesHint.x
      value: 90
      objectReference: {fileID: 0}
    - target: {fileID: 8514019780725737357, guid: 0c5f4acc08cabce4a891d28852a9e4ab, type: 3}
      propertyPath: m_LocalEulerAnglesHint.y
      value: 0
      objectReference: {fileID: 0}
    - target: {fileID: 8514019780725737357, guid: 0c5f4acc08cabce4a891d28852a9e4ab, type: 3}
      propertyPath: m_LocalEulerAnglesHint.z
      value: 15
      objectReference: {fileID: 0}
    - target: {fileID: 8514019780725737357, guid: 0c5f4acc08cabce4a891d28852a9e4ab, type: 3}
      propertyPath: m_LocalScale.y
      value: 0.16804053
      objectReference: {fileID: 0}
    - target: {fileID: 8514019780725737357, guid: 0c5f4acc08cabce4a891d28852a9e4ab, type: 3}
      propertyPath: m_LocalScale.x
      value: 0.16804054
      objectReference: {fileID: 0}
    - target: {fileID: 8514019780725737357, guid: 0c5f4acc08cabce4a891d28852a9e4ab, type: 3}
      propertyPath: m_LocalScale.z
      value: 0.16804054
      objectReference: {fileID: 0}
    - target: {fileID: 9037615376594033975, guid: 0c5f4acc08cabce4a891d28852a9e4ab, type: 3}
      propertyPath: m_Name
      value: bone_low (1)
      objectReference: {fileID: 0}
    m_RemovedComponents: []
  m_SourcePrefab: {fileID: 100100000, guid: 0c5f4acc08cabce4a891d28852a9e4ab, type: 3}
--- !u!4 &4436518711584048028 stripped
Transform:
  m_CorrespondingSourceObject: {fileID: 8514019780725737357, guid: 0c5f4acc08cabce4a891d28852a9e4ab, type: 3}
  m_PrefabInstance: {fileID: 5455672941680903185}
  m_PrefabAsset: {fileID: 0}
--- !u!1001 &6490857285450312041
PrefabInstance:
  m_ObjectHideFlags: 0
  serializedVersion: 2
  m_Modification:
    m_TransformParent: {fileID: 5139584977460860278}
    m_Modifications:
    - target: {fileID: 1440747787930422026, guid: 4046ab229cbb9c84d9ffed64656b8ec0, type: 3}
      propertyPath: m_LocalPosition.x
      value: -0.055231333
      objectReference: {fileID: 0}
    - target: {fileID: 1440747787930422026, guid: 4046ab229cbb9c84d9ffed64656b8ec0, type: 3}
      propertyPath: m_LocalPosition.y
      value: -0.17118742
      objectReference: {fileID: 0}
    - target: {fileID: 1440747787930422026, guid: 4046ab229cbb9c84d9ffed64656b8ec0, type: 3}
      propertyPath: m_LocalPosition.z
      value: 0.14713788
      objectReference: {fileID: 0}
    - target: {fileID: 1440747787930422026, guid: 4046ab229cbb9c84d9ffed64656b8ec0, type: 3}
      propertyPath: m_LocalRotation.x
      value: -0
      objectReference: {fileID: 0}
    - target: {fileID: 1440747787930422026, guid: 4046ab229cbb9c84d9ffed64656b8ec0, type: 3}
      propertyPath: m_LocalRotation.y
      value: 0.92387867
      objectReference: {fileID: 0}
    - target: {fileID: 1440747787930422026, guid: 4046ab229cbb9c84d9ffed64656b8ec0, type: 3}
      propertyPath: m_LocalRotation.z
      value: -0
      objectReference: {fileID: 0}
    - target: {fileID: 1440747787930422026, guid: 4046ab229cbb9c84d9ffed64656b8ec0, type: 3}
      propertyPath: m_LocalRotation.w
      value: 0.38268548
      objectReference: {fileID: 0}
    - target: {fileID: 1440747787930422026, guid: 4046ab229cbb9c84d9ffed64656b8ec0, type: 3}
      propertyPath: m_RootOrder
      value: 6
      objectReference: {fileID: 0}
    - target: {fileID: 1440747787930422026, guid: 4046ab229cbb9c84d9ffed64656b8ec0, type: 3}
      propertyPath: m_LocalEulerAnglesHint.x
      value: 0
      objectReference: {fileID: 0}
    - target: {fileID: 1440747787930422026, guid: 4046ab229cbb9c84d9ffed64656b8ec0, type: 3}
      propertyPath: m_LocalEulerAnglesHint.y
      value: 135
      objectReference: {fileID: 0}
    - target: {fileID: 1440747787930422026, guid: 4046ab229cbb9c84d9ffed64656b8ec0, type: 3}
      propertyPath: m_LocalEulerAnglesHint.z
      value: 0
      objectReference: {fileID: 0}
    - target: {fileID: 1780400516974875056, guid: 4046ab229cbb9c84d9ffed64656b8ec0, type: 3}
      propertyPath: m_Name
      value: fork (1)
      objectReference: {fileID: 0}
    m_RemovedComponents: []
  m_SourcePrefab: {fileID: 100100000, guid: 4046ab229cbb9c84d9ffed64656b8ec0, type: 3}
--- !u!4 &5326272048928940643 stripped
Transform:
  m_CorrespondingSourceObject: {fileID: 1440747787930422026, guid: 4046ab229cbb9c84d9ffed64656b8ec0, type: 3}
  m_PrefabInstance: {fileID: 6490857285450312041}
  m_PrefabAsset: {fileID: 0}
--- !u!1001 &9040234368308318452
PrefabInstance:
  m_ObjectHideFlags: 0
  serializedVersion: 2
  m_Modification:
    m_TransformParent: {fileID: 5139584977460860278}
    m_Modifications:
    - target: {fileID: 1503070293757315812, guid: c54a35a6de9aaff4db867007390a7230, type: 3}
      propertyPath: m_LocalPosition.x
      value: -0.0608
      objectReference: {fileID: 0}
    - target: {fileID: 1503070293757315812, guid: c54a35a6de9aaff4db867007390a7230, type: 3}
      propertyPath: m_LocalPosition.y
      value: -0.16909318
      objectReference: {fileID: 0}
    - target: {fileID: 1503070293757315812, guid: c54a35a6de9aaff4db867007390a7230, type: 3}
      propertyPath: m_LocalPosition.z
      value: -0.0471
      objectReference: {fileID: 0}
    - target: {fileID: 1503070293757315812, guid: c54a35a6de9aaff4db867007390a7230, type: 3}
      propertyPath: m_LocalRotation.x
      value: -0
      objectReference: {fileID: 0}
    - target: {fileID: 1503070293757315812, guid: c54a35a6de9aaff4db867007390a7230, type: 3}
      propertyPath: m_LocalRotation.y
      value: 0.20392211
      objectReference: {fileID: 0}
    - target: {fileID: 1503070293757315812, guid: c54a35a6de9aaff4db867007390a7230, type: 3}
      propertyPath: m_LocalRotation.z
      value: -0
      objectReference: {fileID: 0}
    - target: {fileID: 1503070293757315812, guid: c54a35a6de9aaff4db867007390a7230, type: 3}
      propertyPath: m_LocalRotation.w
      value: 0.97898716
      objectReference: {fileID: 0}
    - target: {fileID: 1503070293757315812, guid: c54a35a6de9aaff4db867007390a7230, type: 3}
      propertyPath: m_RootOrder
      value: 3
      objectReference: {fileID: 0}
    - target: {fileID: 1503070293757315812, guid: c54a35a6de9aaff4db867007390a7230, type: 3}
      propertyPath: m_LocalEulerAnglesHint.x
      value: 0
      objectReference: {fileID: 0}
    - target: {fileID: 1503070293757315812, guid: c54a35a6de9aaff4db867007390a7230, type: 3}
      propertyPath: m_LocalEulerAnglesHint.y
      value: 23.533
      objectReference: {fileID: 0}
    - target: {fileID: 1503070293757315812, guid: c54a35a6de9aaff4db867007390a7230, type: 3}
      propertyPath: m_LocalEulerAnglesHint.z
      value: 0
      objectReference: {fileID: 0}
    - target: {fileID: 1503070293757315812, guid: c54a35a6de9aaff4db867007390a7230, type: 3}
      propertyPath: m_LocalScale.x
      value: 0.11085236
      objectReference: {fileID: 0}
    - target: {fileID: 1503070293757315812, guid: c54a35a6de9aaff4db867007390a7230, type: 3}
      propertyPath: m_LocalScale.z
      value: 0.11085236
      objectReference: {fileID: 0}
    - target: {fileID: 2274364933676765278, guid: c54a35a6de9aaff4db867007390a7230, type: 3}
      propertyPath: m_Name
      value: plat_low
      objectReference: {fileID: 0}
    m_RemovedComponents: []
  m_SourcePrefab: {fileID: 100100000, guid: c54a35a6de9aaff4db867007390a7230, type: 3}
--- !u!4 &7615207866853710352 stripped
Transform:
  m_CorrespondingSourceObject: {fileID: 1503070293757315812, guid: c54a35a6de9aaff4db867007390a7230, type: 3}
  m_PrefabInstance: {fileID: 9040234368308318452}
  m_PrefabAsset: {fileID: 0}
