%YAML 1.1
%TAG !u! tag:unity3d.com,2011:
--- !u!1 &100002
GameObject:
  m_ObjectHideFlags: 0
  m_CorrespondingSourceObject: {fileID: 0}
  m_PrefabInstance: {fileID: 0}
  m_PrefabAsset: {fileID: 0}
  serializedVersion: 6
  m_Component:
  - component: {fileID: 400002}
  - component: {fileID: 11400000}
  - component: {fileID: 669043224809322128}
  m_Layer: 0
  m_Name: VariableWall
  m_TagString: Untagged
  m_Icon: {fileID: 0}
  m_NavMeshLayer: 0
  m_StaticEditorFlags: 0
  m_IsActive: 1
--- !u!4 &400002
Transform:
  m_ObjectHideFlags: 0
  m_CorrespondingSourceObject: {fileID: 0}
  m_PrefabInstance: {fileID: 0}
  m_PrefabAsset: {fileID: 0}
  m_GameObject: {fileID: 100002}
  m_LocalRotation: {x: 0, y: 0, z: 0, w: 1}
  m_LocalPosition: {x: 0, y: 0, z: 0}
  m_LocalScale: {x: 1, y: 1, z: 1}
  m_Children:
  - {fileID: 2466230418693950841}
  - {fileID: 191729369459535131}
  - {fileID: 4084649182391490768}
  - {fileID: 6667606858086439376}
  - {fileID: 669430471764885349}
  - {fileID: 3759787772672723229}
  - {fileID: 1623782299925988208}
  - {fileID: 3451055447260047166}
  - {fileID: 1094522159362510082}
  m_Father: {fileID: 0}
  m_RootOrder: 0
  m_LocalEulerAnglesHint: {x: 0, y: 0, z: 0}
--- !u!114 &11400000
MonoBehaviour:
  m_ObjectHideFlags: 0
  m_CorrespondingSourceObject: {fileID: 0}
  m_PrefabInstance: {fileID: 0}
  m_PrefabAsset: {fileID: 0}
  m_GameObject: {fileID: 100002}
  m_Enabled: 1
  m_EditorHideFlags: 0
  m_Script: {fileID: 11500000, guid: 3af6d7e0f952c364ba0f2f408e8e072f, type: 3}
  m_Name: 
  m_EditorClassIdentifier: 
  cell: {fileID: 0}
  otherCell: {fileID: 0}
  direction: 0
  wallVariants:
  - {fileID: 2466230418693950841}
  - {fileID: 191729369459535131}
  - {fileID: 4084649182391490768}
  - {fileID: 6667606858086439376}
  - {fileID: 669430471764885349}
  - {fileID: 3759787772672723229}
  createProps: 1
  props: {fileID: 1623782299925988208}
--- !u!208 &669043224809322128
NavMeshObstacle:
  m_ObjectHideFlags: 0
  m_CorrespondingSourceObject: {fileID: 0}
  m_PrefabInstance: {fileID: 0}
  m_PrefabAsset: {fileID: 0}
  m_GameObject: {fileID: 100002}
  m_Enabled: 1
  serializedVersion: 3
  m_Shape: 1
  m_Extents: {x: 0.5, y: 0.5, z: 0.1}
  m_MoveThreshold: 0.1
  m_Carve: 0
  m_CarveOnlyStationary: 1
  m_Center: {x: 0, y: 0.5, z: 0.5}
  m_TimeToStationary: 0.5
--- !u!1 &2872818426805750911
GameObject:
  m_ObjectHideFlags: 0
  m_CorrespondingSourceObject: {fileID: 0}
  m_PrefabInstance: {fileID: 0}
  m_PrefabAsset: {fileID: 0}
  serializedVersion: 6
  m_Component:
  - component: {fileID: 3451055447260047166}
  - component: {fileID: 370966352600367481}
  m_Layer: 0
  m_Name: Coliders
  m_TagString: Untagged
  m_Icon: {fileID: 0}
  m_NavMeshLayer: 0
  m_StaticEditorFlags: 0
  m_IsActive: 1
--- !u!4 &3451055447260047166
Transform:
  m_ObjectHideFlags: 0
  m_CorrespondingSourceObject: {fileID: 0}
  m_PrefabInstance: {fileID: 0}
  m_PrefabAsset: {fileID: 0}
  m_GameObject: {fileID: 2872818426805750911}
  m_LocalRotation: {x: 0, y: 0, z: 0, w: 1}
  m_LocalPosition: {x: 0, y: 0, z: 0}
  m_LocalScale: {x: 1, y: 1, z: 1}
  m_Children:
  - {fileID: 4056452948722020624}
  m_Father: {fileID: 400002}
  m_RootOrder: 7
  m_LocalEulerAnglesHint: {x: 0, y: 0, z: 0}
--- !u!65 &370966352600367481
BoxCollider:
  m_ObjectHideFlags: 0
  m_CorrespondingSourceObject: {fileID: 0}
  m_PrefabInstance: {fileID: 0}
  m_PrefabAsset: {fileID: 0}
  m_GameObject: {fileID: 2872818426805750911}
  m_Material: {fileID: 0}
  m_IsTrigger: 0
  m_Enabled: 1
  serializedVersion: 2
  m_Size: {x: 1, y: 1, z: 0.1}
  m_Center: {x: 0, y: 0.5, z: 0.45}
--- !u!1 &4731760846375743372
GameObject:
  m_ObjectHideFlags: 0
  m_CorrespondingSourceObject: {fileID: 0}
  m_PrefabInstance: {fileID: 0}
  m_PrefabAsset: {fileID: 0}
  serializedVersion: 6
  m_Component:
  - component: {fileID: 9158243872158174292}
  - component: {fileID: 7774933950474788931}
  - component: {fileID: 3854497886445606896}
  m_Layer: 0
  m_Name: Plane
  m_TagString: Untagged
  m_Icon: {fileID: 0}
  m_NavMeshLayer: 0
  m_StaticEditorFlags: 0
  m_IsActive: 1
--- !u!4 &9158243872158174292
Transform:
  m_ObjectHideFlags: 0
  m_CorrespondingSourceObject: {fileID: 0}
  m_PrefabInstance: {fileID: 0}
  m_PrefabAsset: {fileID: 0}
  m_GameObject: {fileID: 4731760846375743372}
  m_LocalRotation: {x: 0.7071068, y: 0, z: 0, w: 0.7071068}
  m_LocalPosition: {x: 0, y: 0.5, z: 0.5}
  m_LocalScale: {x: 0.1, y: 1, z: 0.1}
  m_Children: []
  m_Father: {fileID: 1094522159362510082}
  m_RootOrder: 0
  m_LocalEulerAnglesHint: {x: 90, y: 0, z: 0}
--- !u!33 &7774933950474788931
MeshFilter:
  m_ObjectHideFlags: 0
  m_CorrespondingSourceObject: {fileID: 0}
  m_PrefabInstance: {fileID: 0}
  m_PrefabAsset: {fileID: 0}
  m_GameObject: {fileID: 4731760846375743372}
  m_Mesh: {fileID: 10209, guid: 0000000000000000e000000000000000, type: 0}
--- !u!23 &3854497886445606896
MeshRenderer:
  m_ObjectHideFlags: 0
  m_CorrespondingSourceObject: {fileID: 0}
  m_PrefabInstance: {fileID: 0}
  m_PrefabAsset: {fileID: 0}
  m_GameObject: {fileID: 4731760846375743372}
  m_Enabled: 1
  m_CastShadows: 1
  m_ReceiveShadows: 1
  m_DynamicOccludee: 1
  m_MotionVectors: 1
  m_LightProbeUsage: 1
  m_ReflectionProbeUsage: 1
  m_RayTracingMode: 2
  m_RayTraceProcedural: 0
  m_RenderingLayerMask: 1
  m_RendererPriority: 0
  m_Materials:
  - {fileID: 10303, guid: 0000000000000000f000000000000000, type: 0}
  m_StaticBatchInfo:
    firstSubMesh: 0
    subMeshCount: 0
  m_StaticBatchRoot: {fileID: 0}
  m_ProbeAnchor: {fileID: 0}
  m_LightProbeVolumeOverride: {fileID: 0}
  m_ScaleInLightmap: 1
  m_ReceiveGI: 1
  m_PreserveUVs: 0
  m_IgnoreNormalsForChartDetection: 0
  m_ImportantGI: 0
  m_StitchLightmapSeams: 1
  m_SelectedEditorRenderState: 3
  m_MinimumChartSize: 4
  m_AutoUVMaxDistance: 0.5
  m_AutoUVMaxAngle: 89
  m_LightmapParameters: {fileID: 0}
  m_SortingLayerID: 0
  m_SortingLayer: 0
  m_SortingOrder: 0
  m_AdditionalVertexStreams: {fileID: 0}
--- !u!1 &7234079016830189398
GameObject:
  m_ObjectHideFlags: 0
  m_CorrespondingSourceObject: {fileID: 0}
  m_PrefabInstance: {fileID: 0}
  m_PrefabAsset: {fileID: 0}
  serializedVersion: 6
  m_Component:
  - component: {fileID: 1094522159362510082}
  m_Layer: 0
  m_Name: ShadowMaker
  m_TagString: Untagged
  m_Icon: {fileID: 0}
  m_NavMeshLayer: 0
  m_StaticEditorFlags: 0
  m_IsActive: 1
--- !u!4 &1094522159362510082
Transform:
  m_ObjectHideFlags: 0
  m_CorrespondingSourceObject: {fileID: 0}
  m_PrefabInstance: {fileID: 0}
  m_PrefabAsset: {fileID: 0}
  m_GameObject: {fileID: 7234079016830189398}
  m_LocalRotation: {x: -0, y: -0, z: -0, w: 1}
  m_LocalPosition: {x: 0, y: 0, z: 0}
  m_LocalScale: {x: 1, y: 1, z: 1}
  m_Children:
  - {fileID: 9158243872158174292}
  m_Father: {fileID: 400002}
  m_RootOrder: 8
  m_LocalEulerAnglesHint: {x: 0, y: 0, z: 0}
--- !u!1 &7932284202212954234
GameObject:
  m_ObjectHideFlags: 0
  m_CorrespondingSourceObject: {fileID: 0}
  m_PrefabInstance: {fileID: 0}
  m_PrefabAsset: {fileID: 0}
  serializedVersion: 6
  m_Component:
  - component: {fileID: 4056452948722020624}
  - component: {fileID: 4918850909013391249}
  m_Layer: 0
  m_Name: Navmesh_obst
  m_TagString: Untagged
  m_Icon: {fileID: 0}
  m_NavMeshLayer: 0
  m_StaticEditorFlags: 0
  m_IsActive: 1
--- !u!4 &4056452948722020624
Transform:
  m_ObjectHideFlags: 0
  m_CorrespondingSourceObject: {fileID: 0}
  m_PrefabInstance: {fileID: 0}
  m_PrefabAsset: {fileID: 0}
  m_GameObject: {fileID: 7932284202212954234}
  m_LocalRotation: {x: 0, y: 0, z: 0, w: 1}
  m_LocalPosition: {x: 0, y: 0, z: 0}
  m_LocalScale: {x: 1, y: 1, z: 1}
  m_Children: []
  m_Father: {fileID: 3451055447260047166}
  m_RootOrder: 0
  m_LocalEulerAnglesHint: {x: 0, y: 0, z: 0}
--- !u!208 &4918850909013391249
NavMeshObstacle:
  m_ObjectHideFlags: 0
  m_CorrespondingSourceObject: {fileID: 0}
  m_PrefabInstance: {fileID: 0}
  m_PrefabAsset: {fileID: 0}
  m_GameObject: {fileID: 7932284202212954234}
  m_Enabled: 1
  serializedVersion: 3
  m_Shape: 1
  m_Extents: {x: 0.5, y: 0.5, z: 0.05}
  m_MoveThreshold: 0.1
  m_Carve: 0
  m_CarveOnlyStationary: 1
  m_Center: {x: 0, y: 0.5, z: 0.45}
  m_TimeToStationary: 0.5
--- !u!1001 &370299732248513264
PrefabInstance:
  m_ObjectHideFlags: 0
  serializedVersion: 2
  m_Modification:
    m_TransformParent: {fileID: 400002}
    m_Modifications:
    - target: {fileID: -8679921383154817045, guid: 1ed45a298bfdca94c972424a5fc9561f, type: 3}
      propertyPath: m_LocalPosition.x
      value: 0
      objectReference: {fileID: 0}
    - target: {fileID: -8679921383154817045, guid: 1ed45a298bfdca94c972424a5fc9561f, type: 3}
      propertyPath: m_LocalPosition.y
      value: 0
      objectReference: {fileID: 0}
    - target: {fileID: -8679921383154817045, guid: 1ed45a298bfdca94c972424a5fc9561f, type: 3}
      propertyPath: m_LocalPosition.z
      value: 0
      objectReference: {fileID: 0}
    - target: {fileID: -8679921383154817045, guid: 1ed45a298bfdca94c972424a5fc9561f, type: 3}
      propertyPath: m_LocalRotation.x
      value: 0
      objectReference: {fileID: 0}
    - target: {fileID: -8679921383154817045, guid: 1ed45a298bfdca94c972424a5fc9561f, type: 3}
      propertyPath: m_LocalRotation.y
      value: 1
      objectReference: {fileID: 0}
    - target: {fileID: -8679921383154817045, guid: 1ed45a298bfdca94c972424a5fc9561f, type: 3}
      propertyPath: m_LocalRotation.z
      value: 0
      objectReference: {fileID: 0}
    - target: {fileID: -8679921383154817045, guid: 1ed45a298bfdca94c972424a5fc9561f, type: 3}
      propertyPath: m_LocalRotation.w
      value: 0
      objectReference: {fileID: 0}
    - target: {fileID: -8679921383154817045, guid: 1ed45a298bfdca94c972424a5fc9561f, type: 3}
      propertyPath: m_RootOrder
      value: 1
      objectReference: {fileID: 0}
    - target: {fileID: -8679921383154817045, guid: 1ed45a298bfdca94c972424a5fc9561f, type: 3}
      propertyPath: m_LocalEulerAnglesHint.x
      value: 0
      objectReference: {fileID: 0}
    - target: {fileID: -8679921383154817045, guid: 1ed45a298bfdca94c972424a5fc9561f, type: 3}
      propertyPath: m_LocalEulerAnglesHint.y
      value: 180
      objectReference: {fileID: 0}
    - target: {fileID: -8679921383154817045, guid: 1ed45a298bfdca94c972424a5fc9561f, type: 3}
      propertyPath: m_LocalEulerAnglesHint.z
      value: 0
      objectReference: {fileID: 0}
    - target: {fileID: 919132149155446097, guid: 1ed45a298bfdca94c972424a5fc9561f, type: 3}
      propertyPath: m_Name
      value: wall valve 1
      objectReference: {fileID: 0}
    - target: {fileID: 919132149155446097, guid: 1ed45a298bfdca94c972424a5fc9561f, type: 3}
      propertyPath: m_IsActive
      value: 0
      objectReference: {fileID: 0}
    m_RemovedComponents: []
  m_SourcePrefab: {fileID: 100100000, guid: 1ed45a298bfdca94c972424a5fc9561f, type: 3}
--- !u!4 &191729369459535131 stripped
Transform:
  m_CorrespondingSourceObject: {fileID: -8679921383154817045, guid: 1ed45a298bfdca94c972424a5fc9561f, type: 3}
  m_PrefabInstance: {fileID: 370299732248513264}
  m_PrefabAsset: {fileID: 0}
--- !u!1001 &1063115640612804750
PrefabInstance:
  m_ObjectHideFlags: 0
  serializedVersion: 2
  m_Modification:
    m_TransformParent: {fileID: 400002}
    m_Modifications:
    - target: {fileID: -8679921383154817045, guid: a3d5d4d7e49d5e540ae42c21d8dc9e03, type: 3}
      propertyPath: m_LocalPosition.x
      value: 0
      objectReference: {fileID: 0}
    - target: {fileID: -8679921383154817045, guid: a3d5d4d7e49d5e540ae42c21d8dc9e03, type: 3}
      propertyPath: m_LocalPosition.y
      value: 0
      objectReference: {fileID: 0}
    - target: {fileID: -8679921383154817045, guid: a3d5d4d7e49d5e540ae42c21d8dc9e03, type: 3}
      propertyPath: m_LocalPosition.z
      value: 0
      objectReference: {fileID: 0}
    - target: {fileID: -8679921383154817045, guid: a3d5d4d7e49d5e540ae42c21d8dc9e03, type: 3}
      propertyPath: m_LocalRotation.x
      value: 0
      objectReference: {fileID: 0}
    - target: {fileID: -8679921383154817045, guid: a3d5d4d7e49d5e540ae42c21d8dc9e03, type: 3}
      propertyPath: m_LocalRotation.y
      value: 1
      objectReference: {fileID: 0}
    - target: {fileID: -8679921383154817045, guid: a3d5d4d7e49d5e540ae42c21d8dc9e03, type: 3}
      propertyPath: m_LocalRotation.z
      value: 0
      objectReference: {fileID: 0}
    - target: {fileID: -8679921383154817045, guid: a3d5d4d7e49d5e540ae42c21d8dc9e03, type: 3}
      propertyPath: m_LocalRotation.w
      value: 0
      objectReference: {fileID: 0}
    - target: {fileID: -8679921383154817045, guid: a3d5d4d7e49d5e540ae42c21d8dc9e03, type: 3}
      propertyPath: m_RootOrder
      value: 4
      objectReference: {fileID: 0}
    - target: {fileID: -8679921383154817045, guid: a3d5d4d7e49d5e540ae42c21d8dc9e03, type: 3}
      propertyPath: m_LocalEulerAnglesHint.x
      value: 0
      objectReference: {fileID: 0}
    - target: {fileID: -8679921383154817045, guid: a3d5d4d7e49d5e540ae42c21d8dc9e03, type: 3}
      propertyPath: m_LocalEulerAnglesHint.y
      value: 180
      objectReference: {fileID: 0}
    - target: {fileID: -8679921383154817045, guid: a3d5d4d7e49d5e540ae42c21d8dc9e03, type: 3}
      propertyPath: m_LocalEulerAnglesHint.z
      value: 0
      objectReference: {fileID: 0}
    - target: {fileID: 919132149155446097, guid: a3d5d4d7e49d5e540ae42c21d8dc9e03, type: 3}
      propertyPath: m_Name
      value: wall 90
      objectReference: {fileID: 0}
    - target: {fileID: 919132149155446097, guid: a3d5d4d7e49d5e540ae42c21d8dc9e03, type: 3}
      propertyPath: m_IsActive
      value: 0
      objectReference: {fileID: 0}
    m_RemovedComponents: []
  m_SourcePrefab: {fileID: 100100000, guid: a3d5d4d7e49d5e540ae42c21d8dc9e03, type: 3}
--- !u!4 &669430471764885349 stripped
Transform:
  m_CorrespondingSourceObject: {fileID: -8679921383154817045, guid: a3d5d4d7e49d5e540ae42c21d8dc9e03, type: 3}
  m_PrefabInstance: {fileID: 1063115640612804750}
  m_PrefabAsset: {fileID: 0}
--- !u!1001 &1225660913782793371
PrefabInstance:
  m_ObjectHideFlags: 0
  serializedVersion: 2
  m_Modification:
    m_TransformParent: {fileID: 400002}
    m_Modifications:
    - target: {fileID: -8679921383154817045, guid: c2dd12b2f40e609459469f51ae069755, type: 3}
      propertyPath: m_LocalPosition.x
      value: 0
      objectReference: {fileID: 0}
    - target: {fileID: -8679921383154817045, guid: c2dd12b2f40e609459469f51ae069755, type: 3}
      propertyPath: m_LocalPosition.y
      value: 0
      objectReference: {fileID: 0}
    - target: {fileID: -8679921383154817045, guid: c2dd12b2f40e609459469f51ae069755, type: 3}
      propertyPath: m_LocalPosition.z
      value: 0
      objectReference: {fileID: 0}
    - target: {fileID: -8679921383154817045, guid: c2dd12b2f40e609459469f51ae069755, type: 3}
      propertyPath: m_LocalRotation.x
      value: 0
      objectReference: {fileID: 0}
    - target: {fileID: -8679921383154817045, guid: c2dd12b2f40e609459469f51ae069755, type: 3}
      propertyPath: m_LocalRotation.y
      value: 1
      objectReference: {fileID: 0}
    - target: {fileID: -8679921383154817045, guid: c2dd12b2f40e609459469f51ae069755, type: 3}
      propertyPath: m_LocalRotation.z
      value: 0
      objectReference: {fileID: 0}
    - target: {fileID: -8679921383154817045, guid: c2dd12b2f40e609459469f51ae069755, type: 3}
      propertyPath: m_LocalRotation.w
      value: 0
      objectReference: {fileID: 0}
    - target: {fileID: -8679921383154817045, guid: c2dd12b2f40e609459469f51ae069755, type: 3}
      propertyPath: m_RootOrder
      value: 6
      objectReference: {fileID: 0}
    - target: {fileID: -8679921383154817045, guid: c2dd12b2f40e609459469f51ae069755, type: 3}
      propertyPath: m_LocalEulerAnglesHint.x
      value: 0
      objectReference: {fileID: 0}
    - target: {fileID: -8679921383154817045, guid: c2dd12b2f40e609459469f51ae069755, type: 3}
      propertyPath: m_LocalEulerAnglesHint.y
      value: 180
      objectReference: {fileID: 0}
    - target: {fileID: -8679921383154817045, guid: c2dd12b2f40e609459469f51ae069755, type: 3}
      propertyPath: m_LocalEulerAnglesHint.z
      value: 0
      objectReference: {fileID: 0}
    - target: {fileID: -7821188086974167596, guid: c2dd12b2f40e609459469f51ae069755, type: 3}
      propertyPath: m_IsActive
      value: 1
      objectReference: {fileID: 0}
    - target: {fileID: -6628398854881546936, guid: c2dd12b2f40e609459469f51ae069755, type: 3}
      propertyPath: m_LocalPosition.y
      value: -0.197
      objectReference: {fileID: 0}
    - target: {fileID: -6628398854881546936, guid: c2dd12b2f40e609459469f51ae069755, type: 3}
      propertyPath: m_LocalPosition.x
      value: 0.669
      objectReference: {fileID: 0}
    - target: {fileID: -6628398854881546936, guid: c2dd12b2f40e609459469f51ae069755, type: 3}
      propertyPath: m_LocalPosition.z
      value: -0
      objectReference: {fileID: 0}
    - target: {fileID: 919132149155446097, guid: c2dd12b2f40e609459469f51ae069755, type: 3}
      propertyPath: m_Name
      value: Props_type1
      objectReference: {fileID: 0}
    - target: {fileID: 919132149155446097, guid: c2dd12b2f40e609459469f51ae069755, type: 3}
      propertyPath: m_IsActive
      value: 0
      objectReference: {fileID: 0}
    - target: {fileID: 6663608595784368431, guid: c2dd12b2f40e609459469f51ae069755, type: 3}
      propertyPath: m_IsActive
      value: 1
      objectReference: {fileID: 0}
    m_RemovedComponents: []
  m_SourcePrefab: {fileID: 100100000, guid: c2dd12b2f40e609459469f51ae069755, type: 3}
--- !u!4 &1623782299925988208 stripped
Transform:
  m_CorrespondingSourceObject: {fileID: -8679921383154817045, guid: c2dd12b2f40e609459469f51ae069755, type: 3}
  m_PrefabInstance: {fileID: 1225660913782793371}
  m_PrefabAsset: {fileID: 0}
--- !u!1001 &2716644754253769362
PrefabInstance:
  m_ObjectHideFlags: 0
  serializedVersion: 2
  m_Modification:
    m_TransformParent: {fileID: 400002}
    m_Modifications:
    - target: {fileID: -8679921383154817045, guid: 2313963859c210c4cb35c905ff5050ba, type: 3}
      propertyPath: m_LocalPosition.x
      value: 0
      objectReference: {fileID: 0}
    - target: {fileID: -8679921383154817045, guid: 2313963859c210c4cb35c905ff5050ba, type: 3}
      propertyPath: m_LocalPosition.y
      value: 0
      objectReference: {fileID: 0}
    - target: {fileID: -8679921383154817045, guid: 2313963859c210c4cb35c905ff5050ba, type: 3}
      propertyPath: m_LocalPosition.z
      value: 0
      objectReference: {fileID: 0}
    - target: {fileID: -8679921383154817045, guid: 2313963859c210c4cb35c905ff5050ba, type: 3}
      propertyPath: m_LocalRotation.x
      value: 0
      objectReference: {fileID: 0}
    - target: {fileID: -8679921383154817045, guid: 2313963859c210c4cb35c905ff5050ba, type: 3}
      propertyPath: m_LocalRotation.y
      value: 1
      objectReference: {fileID: 0}
    - target: {fileID: -8679921383154817045, guid: 2313963859c210c4cb35c905ff5050ba, type: 3}
      propertyPath: m_LocalRotation.z
      value: 0
      objectReference: {fileID: 0}
    - target: {fileID: -8679921383154817045, guid: 2313963859c210c4cb35c905ff5050ba, type: 3}
      propertyPath: m_LocalRotation.w
      value: 0
      objectReference: {fileID: 0}
    - target: {fileID: -8679921383154817045, guid: 2313963859c210c4cb35c905ff5050ba, type: 3}
      propertyPath: m_RootOrder
      value: 0
      objectReference: {fileID: 0}
    - target: {fileID: -8679921383154817045, guid: 2313963859c210c4cb35c905ff5050ba, type: 3}
      propertyPath: m_LocalEulerAnglesHint.x
      value: 0
      objectReference: {fileID: 0}
    - target: {fileID: -8679921383154817045, guid: 2313963859c210c4cb35c905ff5050ba, type: 3}
      propertyPath: m_LocalEulerAnglesHint.y
      value: 180
      objectReference: {fileID: 0}
    - target: {fileID: -8679921383154817045, guid: 2313963859c210c4cb35c905ff5050ba, type: 3}
      propertyPath: m_LocalEulerAnglesHint.z
      value: 0
      objectReference: {fileID: 0}
    - target: {fileID: 919132149155446097, guid: 2313963859c210c4cb35c905ff5050ba, type: 3}
      propertyPath: m_Name
      value: wall broken pipe n
      objectReference: {fileID: 0}
    - target: {fileID: 919132149155446097, guid: 2313963859c210c4cb35c905ff5050ba, type: 3}
      propertyPath: m_IsActive
      value: 0
      objectReference: {fileID: 0}
    m_RemovedComponents: []
  m_SourcePrefab: {fileID: 100100000, guid: 2313963859c210c4cb35c905ff5050ba, type: 3}
--- !u!4 &2466230418693950841 stripped
Transform:
  m_CorrespondingSourceObject: {fileID: -8679921383154817045, guid: 2313963859c210c4cb35c905ff5050ba, type: 3}
  m_PrefabInstance: {fileID: 2716644754253769362}
  m_PrefabAsset: {fileID: 0}
--- !u!1001 &3722166209693527798
PrefabInstance:
  m_ObjectHideFlags: 0
  serializedVersion: 2
  m_Modification:
    m_TransformParent: {fileID: 400002}
    m_Modifications:
    - target: {fileID: -8679921383154817045, guid: a0d599fff5e38684796299b9b348ebeb, type: 3}
      propertyPath: m_LocalPosition.x
      value: 0
      objectReference: {fileID: 0}
    - target: {fileID: -8679921383154817045, guid: a0d599fff5e38684796299b9b348ebeb, type: 3}
      propertyPath: m_LocalPosition.y
      value: 0
      objectReference: {fileID: 0}
    - target: {fileID: -8679921383154817045, guid: a0d599fff5e38684796299b9b348ebeb, type: 3}
      propertyPath: m_LocalPosition.z
      value: 0
      objectReference: {fileID: 0}
    - target: {fileID: -8679921383154817045, guid: a0d599fff5e38684796299b9b348ebeb, type: 3}
      propertyPath: m_LocalRotation.x
      value: 0
      objectReference: {fileID: 0}
    - target: {fileID: -8679921383154817045, guid: a0d599fff5e38684796299b9b348ebeb, type: 3}
      propertyPath: m_LocalRotation.y
      value: 1
      objectReference: {fileID: 0}
    - target: {fileID: -8679921383154817045, guid: a0d599fff5e38684796299b9b348ebeb, type: 3}
      propertyPath: m_LocalRotation.z
      value: 0
      objectReference: {fileID: 0}
    - target: {fileID: -8679921383154817045, guid: a0d599fff5e38684796299b9b348ebeb, type: 3}
      propertyPath: m_LocalRotation.w
      value: 0
      objectReference: {fileID: 0}
    - target: {fileID: -8679921383154817045, guid: a0d599fff5e38684796299b9b348ebeb, type: 3}
      propertyPath: m_RootOrder
      value: 5
      objectReference: {fileID: 0}
    - target: {fileID: -8679921383154817045, guid: a0d599fff5e38684796299b9b348ebeb, type: 3}
      propertyPath: m_LocalEulerAnglesHint.x
      value: 0
      objectReference: {fileID: 0}
    - target: {fileID: -8679921383154817045, guid: a0d599fff5e38684796299b9b348ebeb, type: 3}
      propertyPath: m_LocalEulerAnglesHint.y
      value: 180
      objectReference: {fileID: 0}
    - target: {fileID: -8679921383154817045, guid: a0d599fff5e38684796299b9b348ebeb, type: 3}
      propertyPath: m_LocalEulerAnglesHint.z
      value: 0
      objectReference: {fileID: 0}
    - target: {fileID: 919132149155446097, guid: a0d599fff5e38684796299b9b348ebeb, type: 3}
      propertyPath: m_Name
      value: wall 2 90 pipes
      objectReference: {fileID: 0}
    - target: {fileID: 919132149155446097, guid: a0d599fff5e38684796299b9b348ebeb, type: 3}
      propertyPath: m_IsActive
      value: 0
      objectReference: {fileID: 0}
    m_RemovedComponents: []
  m_SourcePrefab: {fileID: 100100000, guid: a0d599fff5e38684796299b9b348ebeb, type: 3}
--- !u!4 &3759787772672723229 stripped
Transform:
  m_CorrespondingSourceObject: {fileID: -8679921383154817045, guid: a0d599fff5e38684796299b9b348ebeb, type: 3}
  m_PrefabInstance: {fileID: 3722166209693527798}
  m_PrefabAsset: {fileID: 0}
--- !u!1001 &4550095462664093499
PrefabInstance:
  m_ObjectHideFlags: 0
  serializedVersion: 2
  m_Modification:
    m_TransformParent: {fileID: 400002}
    m_Modifications:
    - target: {fileID: -8679921383154817045, guid: 3dcb08455143874488a56468c84b8b5e, type: 3}
      propertyPath: m_LocalPosition.x
      value: 0
      objectReference: {fileID: 0}
    - target: {fileID: -8679921383154817045, guid: 3dcb08455143874488a56468c84b8b5e, type: 3}
      propertyPath: m_LocalPosition.y
      value: 0
      objectReference: {fileID: 0}
    - target: {fileID: -8679921383154817045, guid: 3dcb08455143874488a56468c84b8b5e, type: 3}
      propertyPath: m_LocalPosition.z
      value: 0
      objectReference: {fileID: 0}
    - target: {fileID: -8679921383154817045, guid: 3dcb08455143874488a56468c84b8b5e, type: 3}
      propertyPath: m_LocalRotation.x
      value: 0
      objectReference: {fileID: 0}
    - target: {fileID: -8679921383154817045, guid: 3dcb08455143874488a56468c84b8b5e, type: 3}
      propertyPath: m_LocalRotation.y
      value: 1
      objectReference: {fileID: 0}
    - target: {fileID: -8679921383154817045, guid: 3dcb08455143874488a56468c84b8b5e, type: 3}
      propertyPath: m_LocalRotation.z
      value: 0
      objectReference: {fileID: 0}
    - target: {fileID: -8679921383154817045, guid: 3dcb08455143874488a56468c84b8b5e, type: 3}
      propertyPath: m_LocalRotation.w
      value: 0
      objectReference: {fileID: 0}
    - target: {fileID: -8679921383154817045, guid: 3dcb08455143874488a56468c84b8b5e, type: 3}
      propertyPath: m_RootOrder
      value: 2
      objectReference: {fileID: 0}
    - target: {fileID: -8679921383154817045, guid: 3dcb08455143874488a56468c84b8b5e, type: 3}
      propertyPath: m_LocalEulerAnglesHint.x
      value: 0
      objectReference: {fileID: 0}
    - target: {fileID: -8679921383154817045, guid: 3dcb08455143874488a56468c84b8b5e, type: 3}
      propertyPath: m_LocalEulerAnglesHint.y
      value: 180
      objectReference: {fileID: 0}
    - target: {fileID: -8679921383154817045, guid: 3dcb08455143874488a56468c84b8b5e, type: 3}
      propertyPath: m_LocalEulerAnglesHint.z
      value: 0
      objectReference: {fileID: 0}
    - target: {fileID: 919132149155446097, guid: 3dcb08455143874488a56468c84b8b5e, type: 3}
      propertyPath: m_Name
      value: wall valve 2
      objectReference: {fileID: 0}
    - target: {fileID: 919132149155446097, guid: 3dcb08455143874488a56468c84b8b5e, type: 3}
      propertyPath: m_IsActive
      value: 0
      objectReference: {fileID: 0}
    m_RemovedComponents: []
  m_SourcePrefab: {fileID: 100100000, guid: 3dcb08455143874488a56468c84b8b5e, type: 3}
--- !u!4 &4084649182391490768 stripped
Transform:
  m_CorrespondingSourceObject: {fileID: -8679921383154817045, guid: 3dcb08455143874488a56468c84b8b5e, type: 3}
  m_PrefabInstance: {fileID: 4550095462664093499}
  m_PrefabAsset: {fileID: 0}
--- !u!1001 &6557980346289110587
PrefabInstance:
  m_ObjectHideFlags: 0
  serializedVersion: 2
  m_Modification:
    m_TransformParent: {fileID: 400002}
    m_Modifications:
    - target: {fileID: -8679921383154817045, guid: 433988461445aad48b0fc792fee4159d, type: 3}
      propertyPath: m_LocalPosition.x
      value: 0
      objectReference: {fileID: 0}
    - target: {fileID: -8679921383154817045, guid: 433988461445aad48b0fc792fee4159d, type: 3}
      propertyPath: m_LocalPosition.y
      value: 0
      objectReference: {fileID: 0}
    - target: {fileID: -8679921383154817045, guid: 433988461445aad48b0fc792fee4159d, type: 3}
      propertyPath: m_LocalPosition.z
      value: 0
      objectReference: {fileID: 0}
    - target: {fileID: -8679921383154817045, guid: 433988461445aad48b0fc792fee4159d, type: 3}
      propertyPath: m_LocalRotation.x
      value: 0
      objectReference: {fileID: 0}
    - target: {fileID: -8679921383154817045, guid: 433988461445aad48b0fc792fee4159d, type: 3}
      propertyPath: m_LocalRotation.y
      value: 1
      objectReference: {fileID: 0}
    - target: {fileID: -8679921383154817045, guid: 433988461445aad48b0fc792fee4159d, type: 3}
      propertyPath: m_LocalRotation.z
      value: 0
      objectReference: {fileID: 0}
    - target: {fileID: -8679921383154817045, guid: 433988461445aad48b0fc792fee4159d, type: 3}
      propertyPath: m_LocalRotation.w
      value: 0
      objectReference: {fileID: 0}
    - target: {fileID: -8679921383154817045, guid: 433988461445aad48b0fc792fee4159d, type: 3}
      propertyPath: m_RootOrder
      value: 3
      objectReference: {fileID: 0}
    - target: {fileID: -8679921383154817045, guid: 433988461445aad48b0fc792fee4159d, type: 3}
      propertyPath: m_LocalEulerAnglesHint.x
      value: 0
      objectReference: {fileID: 0}
    - target: {fileID: -8679921383154817045, guid: 433988461445aad48b0fc792fee4159d, type: 3}
      propertyPath: m_LocalEulerAnglesHint.y
      value: 180
      objectReference: {fileID: 0}
    - target: {fileID: -8679921383154817045, guid: 433988461445aad48b0fc792fee4159d, type: 3}
      propertyPath: m_LocalEulerAnglesHint.z
      value: 0
      objectReference: {fileID: 0}
    - target: {fileID: 919132149155446097, guid: 433988461445aad48b0fc792fee4159d, type: 3}
      propertyPath: m_Name
      value: wall
      objectReference: {fileID: 0}
    - target: {fileID: 919132149155446097, guid: 433988461445aad48b0fc792fee4159d, type: 3}
      propertyPath: m_IsActive
      value: 0
      objectReference: {fileID: 0}
    m_RemovedComponents: []
  m_SourcePrefab: {fileID: 100100000, guid: 433988461445aad48b0fc792fee4159d, type: 3}
--- !u!4 &6667606858086439376 stripped
Transform:
  m_CorrespondingSourceObject: {fileID: -8679921383154817045, guid: 433988461445aad48b0fc792fee4159d, type: 3}
  m_PrefabInstance: {fileID: 6557980346289110587}
  m_PrefabAsset: {fileID: 0}
