%YAML 1.1
%TAG !u! tag:unity3d.com,2011:
--- !u!1001 &989193810069667110
PrefabInstance:
  m_ObjectHideFlags: 0
  serializedVersion: 2
  m_Modification:
    m_TransformParent: {fileID: 2072622218825260097}
    m_Modifications:
    - target: {fileID: 8178487014914312572, guid: 9376ccd54f5f6df4a813f56926efd218, type: 3}
      propertyPath: m_LocalPosition.x
      value: -0.297
      objectReference: {fileID: 0}
    - target: {fileID: 8178487014914312572, guid: 9376ccd54f5f6df4a813f56926efd218, type: 3}
      propertyPath: m_LocalPosition.y
      value: 0.4684
      objectReference: {fileID: 0}
    - target: {fileID: 8178487014914312572, guid: 9376ccd54f5f6df4a813f56926efd218, type: 3}
      propertyPath: m_LocalPosition.z
      value: -0.30699974
      objectReference: {fileID: 0}
    - target: {fileID: 8178487014914312572, guid: 9376ccd54f5f6df4a813f56926efd218, type: 3}
      propertyPath: m_LocalRotation.x
      value: 0
      objectReference: {fileID: 0}
    - target: {fileID: 8178487014914312572, guid: 9376ccd54f5f6df4a813f56926efd218, type: 3}
      propertyPath: m_LocalRotation.y
      value: 0
      objectReference: {fileID: 0}
    - target: {fileID: 8178487014914312572, guid: 9376ccd54f5f6df4a813f56926efd218, type: 3}
      propertyPath: m_LocalRotation.z
      value: 0
      objectReference: {fileID: 0}
    - target: {fileID: 8178487014914312572, guid: 9376ccd54f5f6df4a813f56926efd218, type: 3}
      propertyPath: m_LocalRotation.w
      value: 1
      objectReference: {fileID: 0}
    - target: {fileID: 8178487014914312572, guid: 9376ccd54f5f6df4a813f56926efd218, type: 3}
      propertyPath: m_RootOrder
      value: 6
      objectReference: {fileID: 0}
    - target: {fileID: 8178487014914312572, guid: 9376ccd54f5f6df4a813f56926efd218, type: 3}
      propertyPath: m_LocalEulerAnglesHint.x
      value: 0
      objectReference: {fileID: 0}
    - target: {fileID: 8178487014914312572, guid: 9376ccd54f5f6df4a813f56926efd218, type: 3}
      propertyPath: m_LocalEulerAnglesHint.y
      value: 0
      objectReference: {fileID: 0}
    - target: {fileID: 8178487014914312572, guid: 9376ccd54f5f6df4a813f56926efd218, type: 3}
      propertyPath: m_LocalEulerAnglesHint.z
      value: 0
      objectReference: {fileID: 0}
    - target: {fileID: 8178487014914312572, guid: 9376ccd54f5f6df4a813f56926efd218, type: 3}
      propertyPath: m_LocalScale.x
      value: 4
      objectReference: {fileID: 0}
    - target: {fileID: 8178487014914312572, guid: 9376ccd54f5f6df4a813f56926efd218, type: 3}
      propertyPath: m_LocalScale.y
      value: 4
      objectReference: {fileID: 0}
    - target: {fileID: 8178487014914312572, guid: 9376ccd54f5f6df4a813f56926efd218, type: 3}
      propertyPath: m_LocalScale.z
      value: 4
      objectReference: {fileID: 0}
    - target: {fileID: 8805665608116769734, guid: 9376ccd54f5f6df4a813f56926efd218, type: 3}
      propertyPath: m_Name
      value: Knife (6)
      objectReference: {fileID: 0}
    m_RemovedComponents: []
  m_SourcePrefab: {fileID: 100100000, guid: 9376ccd54f5f6df4a813f56926efd218, type: 3}
--- !u!1001 &1577585896830723191
PrefabInstance:
  m_ObjectHideFlags: 0
  serializedVersion: 2
  m_Modification:
    m_TransformParent: {fileID: 2072622218825260097}
    m_Modifications:
    - target: {fileID: 8178487014914312572, guid: 9376ccd54f5f6df4a813f56926efd218, type: 3}
      propertyPath: m_LocalPosition.x
      value: -0.026
      objectReference: {fileID: 0}
    - target: {fileID: 8178487014914312572, guid: 9376ccd54f5f6df4a813f56926efd218, type: 3}
      propertyPath: m_LocalPosition.y
      value: 0.4684
      objectReference: {fileID: 0}
    - target: {fileID: 8178487014914312572, guid: 9376ccd54f5f6df4a813f56926efd218, type: 3}
      propertyPath: m_LocalPosition.z
      value: -0.307
      objectReference: {fileID: 0}
    - target: {fileID: 8178487014914312572, guid: 9376ccd54f5f6df4a813f56926efd218, type: 3}
      propertyPath: m_LocalRotation.x
      value: 0
      objectReference: {fileID: 0}
    - target: {fileID: 8178487014914312572, guid: 9376ccd54f5f6df4a813f56926efd218, type: 3}
      propertyPath: m_LocalRotation.y
      value: 0
      objectReference: {fileID: 0}
    - target: {fileID: 8178487014914312572, guid: 9376ccd54f5f6df4a813f56926efd218, type: 3}
      propertyPath: m_LocalRotation.z
      value: 0
      objectReference: {fileID: 0}
    - target: {fileID: 8178487014914312572, guid: 9376ccd54f5f6df4a813f56926efd218, type: 3}
      propertyPath: m_LocalRotation.w
      value: 1
      objectReference: {fileID: 0}
    - target: {fileID: 8178487014914312572, guid: 9376ccd54f5f6df4a813f56926efd218, type: 3}
      propertyPath: m_RootOrder
      value: 2
      objectReference: {fileID: 0}
    - target: {fileID: 8178487014914312572, guid: 9376ccd54f5f6df4a813f56926efd218, type: 3}
      propertyPath: m_LocalEulerAnglesHint.x
      value: 0
      objectReference: {fileID: 0}
    - target: {fileID: 8178487014914312572, guid: 9376ccd54f5f6df4a813f56926efd218, type: 3}
      propertyPath: m_LocalEulerAnglesHint.y
      value: 0
      objectReference: {fileID: 0}
    - target: {fileID: 8178487014914312572, guid: 9376ccd54f5f6df4a813f56926efd218, type: 3}
      propertyPath: m_LocalEulerAnglesHint.z
      value: 0
      objectReference: {fileID: 0}
    - target: {fileID: 8178487014914312572, guid: 9376ccd54f5f6df4a813f56926efd218, type: 3}
      propertyPath: m_LocalScale.x
      value: 4
      objectReference: {fileID: 0}
    - target: {fileID: 8178487014914312572, guid: 9376ccd54f5f6df4a813f56926efd218, type: 3}
      propertyPath: m_LocalScale.y
      value: 4
      objectReference: {fileID: 0}
    - target: {fileID: 8178487014914312572, guid: 9376ccd54f5f6df4a813f56926efd218, type: 3}
      propertyPath: m_LocalScale.z
      value: 4
      objectReference: {fileID: 0}
    - target: {fileID: 8805665608116769734, guid: 9376ccd54f5f6df4a813f56926efd218, type: 3}
      propertyPath: m_Name
      value: Knife (2)
      objectReference: {fileID: 0}
    m_RemovedComponents: []
  m_SourcePrefab: {fileID: 100100000, guid: 9376ccd54f5f6df4a813f56926efd218, type: 3}
--- !u!1001 &1880002938106886521
PrefabInstance:
  m_ObjectHideFlags: 0
  serializedVersion: 2
  m_Modification:
    m_TransformParent: {fileID: 2072622218825260097}
    m_Modifications:
    - target: {fileID: 8178487014914312572, guid: 9376ccd54f5f6df4a813f56926efd218, type: 3}
      propertyPath: m_LocalPosition.x
      value: -0.229
      objectReference: {fileID: 0}
    - target: {fileID: 8178487014914312572, guid: 9376ccd54f5f6df4a813f56926efd218, type: 3}
      propertyPath: m_LocalPosition.y
      value: 0.4684
      objectReference: {fileID: 0}
    - target: {fileID: 8178487014914312572, guid: 9376ccd54f5f6df4a813f56926efd218, type: 3}
      propertyPath: m_LocalPosition.z
      value: -0.30699974
      objectReference: {fileID: 0}
    - target: {fileID: 8178487014914312572, guid: 9376ccd54f5f6df4a813f56926efd218, type: 3}
      propertyPath: m_LocalRotation.x
      value: 0
      objectReference: {fileID: 0}
    - target: {fileID: 8178487014914312572, guid: 9376ccd54f5f6df4a813f56926efd218, type: 3}
      propertyPath: m_LocalRotation.y
      value: 0
      objectReference: {fileID: 0}
    - target: {fileID: 8178487014914312572, guid: 9376ccd54f5f6df4a813f56926efd218, type: 3}
      propertyPath: m_LocalRotation.z
      value: 0
      objectReference: {fileID: 0}
    - target: {fileID: 8178487014914312572, guid: 9376ccd54f5f6df4a813f56926efd218, type: 3}
      propertyPath: m_LocalRotation.w
      value: 1
      objectReference: {fileID: 0}
    - target: {fileID: 8178487014914312572, guid: 9376ccd54f5f6df4a813f56926efd218, type: 3}
      propertyPath: m_RootOrder
      value: 5
      objectReference: {fileID: 0}
    - target: {fileID: 8178487014914312572, guid: 9376ccd54f5f6df4a813f56926efd218, type: 3}
      propertyPath: m_LocalEulerAnglesHint.x
      value: 0
      objectReference: {fileID: 0}
    - target: {fileID: 8178487014914312572, guid: 9376ccd54f5f6df4a813f56926efd218, type: 3}
      propertyPath: m_LocalEulerAnglesHint.y
      value: 0
      objectReference: {fileID: 0}
    - target: {fileID: 8178487014914312572, guid: 9376ccd54f5f6df4a813f56926efd218, type: 3}
      propertyPath: m_LocalEulerAnglesHint.z
      value: 0
      objectReference: {fileID: 0}
    - target: {fileID: 8178487014914312572, guid: 9376ccd54f5f6df4a813f56926efd218, type: 3}
      propertyPath: m_LocalScale.x
      value: 4
      objectReference: {fileID: 0}
    - target: {fileID: 8178487014914312572, guid: 9376ccd54f5f6df4a813f56926efd218, type: 3}
      propertyPath: m_LocalScale.y
      value: 4
      objectReference: {fileID: 0}
    - target: {fileID: 8178487014914312572, guid: 9376ccd54f5f6df4a813f56926efd218, type: 3}
      propertyPath: m_LocalScale.z
      value: 4
      objectReference: {fileID: 0}
    - target: {fileID: 8805665608116769734, guid: 9376ccd54f5f6df4a813f56926efd218, type: 3}
      propertyPath: m_Name
      value: Knife (5)
      objectReference: {fileID: 0}
    m_RemovedComponents: []
  m_SourcePrefab: {fileID: 100100000, guid: 9376ccd54f5f6df4a813f56926efd218, type: 3}
--- !u!1001 &2598426525258365454
PrefabInstance:
  m_ObjectHideFlags: 0
  serializedVersion: 2
  m_Modification:
    m_TransformParent: {fileID: 2072622218825260097}
    m_Modifications:
    - target: {fileID: 2774511727346585056, guid: 808723feeaec20b49865212b05a46ca7, type: 3}
      propertyPath: m_LocalPosition.x
      value: -0.70241547
      objectReference: {fileID: 0}
    - target: {fileID: 2774511727346585056, guid: 808723feeaec20b49865212b05a46ca7, type: 3}
      propertyPath: m_LocalPosition.y
      value: 0.4629
      objectReference: {fileID: 0}
    - target: {fileID: 2774511727346585056, guid: 808723feeaec20b49865212b05a46ca7, type: 3}
      propertyPath: m_LocalPosition.z
      value: -0.104914665
      objectReference: {fileID: 0}
    - target: {fileID: 2774511727346585056, guid: 808723feeaec20b49865212b05a46ca7, type: 3}
      propertyPath: m_LocalRotation.x
      value: 0.000000049590017
      objectReference: {fileID: 0}
    - target: {fileID: 2774511727346585056, guid: 808723feeaec20b49865212b05a46ca7, type: 3}
      propertyPath: m_LocalRotation.y
      value: -0.7933523
      objectReference: {fileID: 0}
    - target: {fileID: 2774511727346585056, guid: 808723feeaec20b49865212b05a46ca7, type: 3}
      propertyPath: m_LocalRotation.z
      value: 0.00000006462676
      objectReference: {fileID: 0}
    - target: {fileID: 2774511727346585056, guid: 808723feeaec20b49865212b05a46ca7, type: 3}
      propertyPath: m_LocalRotation.w
      value: 0.60876286
      objectReference: {fileID: 0}
    - target: {fileID: 2774511727346585056, guid: 808723feeaec20b49865212b05a46ca7, type: 3}
      propertyPath: m_RootOrder
      value: 10
      objectReference: {fileID: 0}
    - target: {fileID: 2774511727346585056, guid: 808723feeaec20b49865212b05a46ca7, type: 3}
      propertyPath: m_LocalEulerAnglesHint.x
      value: 0
      objectReference: {fileID: 0}
    - target: {fileID: 2774511727346585056, guid: 808723feeaec20b49865212b05a46ca7, type: 3}
      propertyPath: m_LocalEulerAnglesHint.y
      value: -105
      objectReference: {fileID: 0}
    - target: {fileID: 2774511727346585056, guid: 808723feeaec20b49865212b05a46ca7, type: 3}
      propertyPath: m_LocalEulerAnglesHint.z
      value: 0
      objectReference: {fileID: 0}
    - target: {fileID: 2774511727346585056, guid: 808723feeaec20b49865212b05a46ca7, type: 3}
      propertyPath: m_LocalScale.x
      value: 0.2791036
      objectReference: {fileID: 0}
    - target: {fileID: 2774511727346585056, guid: 808723feeaec20b49865212b05a46ca7, type: 3}
      propertyPath: m_LocalScale.y
      value: 0.2791036
      objectReference: {fileID: 0}
    - target: {fileID: 2774511727346585056, guid: 808723feeaec20b49865212b05a46ca7, type: 3}
      propertyPath: m_LocalScale.z
      value: 0.2791036
      objectReference: {fileID: 0}
    - target: {fileID: 3299690589621475162, guid: 808723feeaec20b49865212b05a46ca7, type: 3}
      propertyPath: m_Name
      value: mug_2 Variant
      objectReference: {fileID: 0}
    m_RemovedComponents: []
  m_SourcePrefab: {fileID: 100100000, guid: 808723feeaec20b49865212b05a46ca7, type: 3}
--- !u!1001 &3798977231542741005
PrefabInstance:
  m_ObjectHideFlags: 0
  serializedVersion: 2
  m_Modification:
    m_TransformParent: {fileID: 2072622218825260097}
    m_Modifications:
    - target: {fileID: 8178487014914312572, guid: 9376ccd54f5f6df4a813f56926efd218, type: 3}
      propertyPath: m_LocalPosition.x
      value: -0.104
      objectReference: {fileID: 0}
    - target: {fileID: 8178487014914312572, guid: 9376ccd54f5f6df4a813f56926efd218, type: 3}
      propertyPath: m_LocalPosition.y
      value: 0.4684
      objectReference: {fileID: 0}
    - target: {fileID: 8178487014914312572, guid: 9376ccd54f5f6df4a813f56926efd218, type: 3}
      propertyPath: m_LocalPosition.z
      value: -0.30699974
      objectReference: {fileID: 0}
    - target: {fileID: 8178487014914312572, guid: 9376ccd54f5f6df4a813f56926efd218, type: 3}
      propertyPath: m_LocalRotation.x
      value: 0
      objectReference: {fileID: 0}
    - target: {fileID: 8178487014914312572, guid: 9376ccd54f5f6df4a813f56926efd218, type: 3}
      propertyPath: m_LocalRotation.y
      value: 0
      objectReference: {fileID: 0}
    - target: {fileID: 8178487014914312572, guid: 9376ccd54f5f6df4a813f56926efd218, type: 3}
      propertyPath: m_LocalRotation.z
      value: 0
      objectReference: {fileID: 0}
    - target: {fileID: 8178487014914312572, guid: 9376ccd54f5f6df4a813f56926efd218, type: 3}
      propertyPath: m_LocalRotation.w
      value: 1
      objectReference: {fileID: 0}
    - target: {fileID: 8178487014914312572, guid: 9376ccd54f5f6df4a813f56926efd218, type: 3}
      propertyPath: m_RootOrder
      value: 3
      objectReference: {fileID: 0}
    - target: {fileID: 8178487014914312572, guid: 9376ccd54f5f6df4a813f56926efd218, type: 3}
      propertyPath: m_LocalEulerAnglesHint.x
      value: 0
      objectReference: {fileID: 0}
    - target: {fileID: 8178487014914312572, guid: 9376ccd54f5f6df4a813f56926efd218, type: 3}
      propertyPath: m_LocalEulerAnglesHint.y
      value: 0
      objectReference: {fileID: 0}
    - target: {fileID: 8178487014914312572, guid: 9376ccd54f5f6df4a813f56926efd218, type: 3}
      propertyPath: m_LocalEulerAnglesHint.z
      value: 0
      objectReference: {fileID: 0}
    - target: {fileID: 8178487014914312572, guid: 9376ccd54f5f6df4a813f56926efd218, type: 3}
      propertyPath: m_LocalScale.x
      value: 4
      objectReference: {fileID: 0}
    - target: {fileID: 8178487014914312572, guid: 9376ccd54f5f6df4a813f56926efd218, type: 3}
      propertyPath: m_LocalScale.y
      value: 4
      objectReference: {fileID: 0}
    - target: {fileID: 8178487014914312572, guid: 9376ccd54f5f6df4a813f56926efd218, type: 3}
      propertyPath: m_LocalScale.z
      value: 4
      objectReference: {fileID: 0}
    - target: {fileID: 8805665608116769734, guid: 9376ccd54f5f6df4a813f56926efd218, type: 3}
      propertyPath: m_Name
      value: Knife (3)
      objectReference: {fileID: 0}
    m_RemovedComponents: []
  m_SourcePrefab: {fileID: 100100000, guid: 9376ccd54f5f6df4a813f56926efd218, type: 3}
--- !u!1001 &4251982835611810199
PrefabInstance:
  m_ObjectHideFlags: 0
  serializedVersion: 2
  m_Modification:
    m_TransformParent: {fileID: 2072622218825260097}
    m_Modifications:
    - target: {fileID: 8178487014914312572, guid: 9376ccd54f5f6df4a813f56926efd218, type: 3}
      propertyPath: m_LocalPosition.x
      value: -0.172
      objectReference: {fileID: 0}
    - target: {fileID: 8178487014914312572, guid: 9376ccd54f5f6df4a813f56926efd218, type: 3}
      propertyPath: m_LocalPosition.y
      value: 0.4684
      objectReference: {fileID: 0}
    - target: {fileID: 8178487014914312572, guid: 9376ccd54f5f6df4a813f56926efd218, type: 3}
      propertyPath: m_LocalPosition.z
      value: -0.30699974
      objectReference: {fileID: 0}
    - target: {fileID: 8178487014914312572, guid: 9376ccd54f5f6df4a813f56926efd218, type: 3}
      propertyPath: m_LocalRotation.x
      value: 0
      objectReference: {fileID: 0}
    - target: {fileID: 8178487014914312572, guid: 9376ccd54f5f6df4a813f56926efd218, type: 3}
      propertyPath: m_LocalRotation.y
      value: 0
      objectReference: {fileID: 0}
    - target: {fileID: 8178487014914312572, guid: 9376ccd54f5f6df4a813f56926efd218, type: 3}
      propertyPath: m_LocalRotation.z
      value: 0
      objectReference: {fileID: 0}
    - target: {fileID: 8178487014914312572, guid: 9376ccd54f5f6df4a813f56926efd218, type: 3}
      propertyPath: m_LocalRotation.w
      value: 1
      objectReference: {fileID: 0}
    - target: {fileID: 8178487014914312572, guid: 9376ccd54f5f6df4a813f56926efd218, type: 3}
      propertyPath: m_RootOrder
      value: 4
      objectReference: {fileID: 0}
    - target: {fileID: 8178487014914312572, guid: 9376ccd54f5f6df4a813f56926efd218, type: 3}
      propertyPath: m_LocalEulerAnglesHint.x
      value: 0
      objectReference: {fileID: 0}
    - target: {fileID: 8178487014914312572, guid: 9376ccd54f5f6df4a813f56926efd218, type: 3}
      propertyPath: m_LocalEulerAnglesHint.y
      value: 0
      objectReference: {fileID: 0}
    - target: {fileID: 8178487014914312572, guid: 9376ccd54f5f6df4a813f56926efd218, type: 3}
      propertyPath: m_LocalEulerAnglesHint.z
      value: 0
      objectReference: {fileID: 0}
    - target: {fileID: 8178487014914312572, guid: 9376ccd54f5f6df4a813f56926efd218, type: 3}
      propertyPath: m_LocalScale.x
      value: 4
      objectReference: {fileID: 0}
    - target: {fileID: 8178487014914312572, guid: 9376ccd54f5f6df4a813f56926efd218, type: 3}
      propertyPath: m_LocalScale.y
      value: 4
      objectReference: {fileID: 0}
    - target: {fileID: 8178487014914312572, guid: 9376ccd54f5f6df4a813f56926efd218, type: 3}
      propertyPath: m_LocalScale.z
      value: 4
      objectReference: {fileID: 0}
    - target: {fileID: 8805665608116769734, guid: 9376ccd54f5f6df4a813f56926efd218, type: 3}
      propertyPath: m_Name
      value: Knife (4)
      objectReference: {fileID: 0}
    m_RemovedComponents: []
  m_SourcePrefab: {fileID: 100100000, guid: 9376ccd54f5f6df4a813f56926efd218, type: 3}
--- !u!1001 &5557185058433096790
PrefabInstance:
  m_ObjectHideFlags: 0
  serializedVersion: 2
  m_Modification:
    m_TransformParent: {fileID: 2072622218825260097}
    m_Modifications:
    - target: {fileID: 3278793573954390959, guid: e7a969cfb9444344b814b7e869c5fbe2, type: 3}
      propertyPath: m_Name
      value: Hammer_Prop (1)
      objectReference: {fileID: 0}
    - target: {fileID: 3278793573954557839, guid: e7a969cfb9444344b814b7e869c5fbe2, type: 3}
      propertyPath: m_LocalPosition.x
      value: -0.166
      objectReference: {fileID: 0}
    - target: {fileID: 3278793573954557839, guid: e7a969cfb9444344b814b7e869c5fbe2, type: 3}
      propertyPath: m_LocalPosition.y
      value: 0.478
      objectReference: {fileID: 0}
    - target: {fileID: 3278793573954557839, guid: e7a969cfb9444344b814b7e869c5fbe2, type: 3}
      propertyPath: m_LocalPosition.z
      value: 0.338
      objectReference: {fileID: 0}
    - target: {fileID: 3278793573954557839, guid: e7a969cfb9444344b814b7e869c5fbe2, type: 3}
      propertyPath: m_LocalRotation.x
      value: 0.000002130866
      objectReference: {fileID: 0}
    - target: {fileID: 3278793573954557839, guid: e7a969cfb9444344b814b7e869c5fbe2, type: 3}
      propertyPath: m_LocalRotation.y
      value: -0.7071082
      objectReference: {fileID: 0}
    - target: {fileID: 3278793573954557839, guid: e7a969cfb9444344b814b7e869c5fbe2, type: 3}
      propertyPath: m_LocalRotation.z
      value: 0.70710546
      objectReference: {fileID: 0}
    - target: {fileID: 3278793573954557839, guid: e7a969cfb9444344b814b7e869c5fbe2, type: 3}
      propertyPath: m_LocalRotation.w
      value: 0.0000020340085
      objectReference: {fileID: 0}
    - target: {fileID: 3278793573954557839, guid: e7a969cfb9444344b814b7e869c5fbe2, type: 3}
      propertyPath: m_RootOrder
      value: 8
      objectReference: {fileID: 0}
    - target: {fileID: 3278793573954557839, guid: e7a969cfb9444344b814b7e869c5fbe2, type: 3}
      propertyPath: m_LocalEulerAnglesHint.x
      value: 90
      objectReference: {fileID: 0}
    - target: {fileID: 3278793573954557839, guid: e7a969cfb9444344b814b7e869c5fbe2, type: 3}
      propertyPath: m_LocalEulerAnglesHint.y
      value: 0
      objectReference: {fileID: 0}
    - target: {fileID: 3278793573954557839, guid: e7a969cfb9444344b814b7e869c5fbe2, type: 3}
      propertyPath: m_LocalEulerAnglesHint.z
      value: 180
      objectReference: {fileID: 0}
    - target: {fileID: 3278793573954557839, guid: e7a969cfb9444344b814b7e869c5fbe2, type: 3}
      propertyPath: m_LocalScale.x
      value: 1.4434401
      objectReference: {fileID: 0}
    - target: {fileID: 3278793573954557839, guid: e7a969cfb9444344b814b7e869c5fbe2, type: 3}
      propertyPath: m_LocalScale.y
      value: 1.44344
      objectReference: {fileID: 0}
    - target: {fileID: 3278793573954557839, guid: e7a969cfb9444344b814b7e869c5fbe2, type: 3}
      propertyPath: m_LocalScale.z
      value: 1.44344
      objectReference: {fileID: 0}
    m_RemovedComponents: []
  m_SourcePrefab: {fileID: 100100000, guid: e7a969cfb9444344b814b7e869c5fbe2, type: 3}
--- !u!1001 &6716816447095638828
PrefabInstance:
  m_ObjectHideFlags: 0
  serializedVersion: 2
  m_Modification:
    m_TransformParent: {fileID: 2072622218825260097}
    m_Modifications:
    - target: {fileID: 3278793573954390959, guid: e7a969cfb9444344b814b7e869c5fbe2, type: 3}
      propertyPath: m_Name
      value: Hammer_Prop
      objectReference: {fileID: 0}
    - target: {fileID: 3278793573954557839, guid: e7a969cfb9444344b814b7e869c5fbe2, type: 3}
      propertyPath: m_LocalPosition.x
      value: -0.163
      objectReference: {fileID: 0}
    - target: {fileID: 3278793573954557839, guid: e7a969cfb9444344b814b7e869c5fbe2, type: 3}
      propertyPath: m_LocalPosition.y
      value: 0.49199998
      objectReference: {fileID: 0}
    - target: {fileID: 3278793573954557839, guid: e7a969cfb9444344b814b7e869c5fbe2, type: 3}
      propertyPath: m_LocalPosition.z
      value: 0.13
      objectReference: {fileID: 0}
    - target: {fileID: 3278793573954557839, guid: e7a969cfb9444344b814b7e869c5fbe2, type: 3}
      propertyPath: m_LocalRotation.x
      value: 0.000002130866
      objectReference: {fileID: 0}
    - target: {fileID: 3278793573954557839, guid: e7a969cfb9444344b814b7e869c5fbe2, type: 3}
      propertyPath: m_LocalRotation.y
      value: -0.7071082
      objectReference: {fileID: 0}
    - target: {fileID: 3278793573954557839, guid: e7a969cfb9444344b814b7e869c5fbe2, type: 3}
      propertyPath: m_LocalRotation.z
      value: 0.70710546
      objectReference: {fileID: 0}
    - target: {fileID: 3278793573954557839, guid: e7a969cfb9444344b814b7e869c5fbe2, type: 3}
      propertyPath: m_LocalRotation.w
      value: 0.0000020340085
      objectReference: {fileID: 0}
    - target: {fileID: 3278793573954557839, guid: e7a969cfb9444344b814b7e869c5fbe2, type: 3}
      propertyPath: m_RootOrder
      value: 0
      objectReference: {fileID: 0}
    - target: {fileID: 3278793573954557839, guid: e7a969cfb9444344b814b7e869c5fbe2, type: 3}
      propertyPath: m_LocalEulerAnglesHint.x
      value: 90
      objectReference: {fileID: 0}
    - target: {fileID: 3278793573954557839, guid: e7a969cfb9444344b814b7e869c5fbe2, type: 3}
      propertyPath: m_LocalEulerAnglesHint.y
      value: 0
      objectReference: {fileID: 0}
    - target: {fileID: 3278793573954557839, guid: e7a969cfb9444344b814b7e869c5fbe2, type: 3}
      propertyPath: m_LocalEulerAnglesHint.z
      value: 180
      objectReference: {fileID: 0}
    - target: {fileID: 3278793573954557839, guid: e7a969cfb9444344b814b7e869c5fbe2, type: 3}
      propertyPath: m_LocalScale.x
      value: 1.4434401
      objectReference: {fileID: 0}
    - target: {fileID: 3278793573954557839, guid: e7a969cfb9444344b814b7e869c5fbe2, type: 3}
      propertyPath: m_LocalScale.y
      value: 1.44344
      objectReference: {fileID: 0}
    - target: {fileID: 3278793573954557839, guid: e7a969cfb9444344b814b7e869c5fbe2, type: 3}
      propertyPath: m_LocalScale.z
      value: 1.44344
      objectReference: {fileID: 0}
    m_RemovedComponents: []
  m_SourcePrefab: {fileID: 100100000, guid: e7a969cfb9444344b814b7e869c5fbe2, type: 3}
--- !u!1001 &6730608591632220414
PrefabInstance:
  m_ObjectHideFlags: 0
  serializedVersion: 2
  m_Modification:
    m_TransformParent: {fileID: 2072622218825260097}
    m_Modifications:
    - target: {fileID: 8178487014914312572, guid: 9376ccd54f5f6df4a813f56926efd218, type: 3}
      propertyPath: m_LocalPosition.x
      value: -0.371
      objectReference: {fileID: 0}
    - target: {fileID: 8178487014914312572, guid: 9376ccd54f5f6df4a813f56926efd218, type: 3}
      propertyPath: m_LocalPosition.y
      value: 0.4684
      objectReference: {fileID: 0}
    - target: {fileID: 8178487014914312572, guid: 9376ccd54f5f6df4a813f56926efd218, type: 3}
      propertyPath: m_LocalPosition.z
      value: -0.30699974
      objectReference: {fileID: 0}
    - target: {fileID: 8178487014914312572, guid: 9376ccd54f5f6df4a813f56926efd218, type: 3}
      propertyPath: m_LocalRotation.x
      value: 0
      objectReference: {fileID: 0}
    - target: {fileID: 8178487014914312572, guid: 9376ccd54f5f6df4a813f56926efd218, type: 3}
      propertyPath: m_LocalRotation.y
      value: 0
      objectReference: {fileID: 0}
    - target: {fileID: 8178487014914312572, guid: 9376ccd54f5f6df4a813f56926efd218, type: 3}
      propertyPath: m_LocalRotation.z
      value: 0
      objectReference: {fileID: 0}
    - target: {fileID: 8178487014914312572, guid: 9376ccd54f5f6df4a813f56926efd218, type: 3}
      propertyPath: m_LocalRotation.w
      value: 1
      objectReference: {fileID: 0}
    - target: {fileID: 8178487014914312572, guid: 9376ccd54f5f6df4a813f56926efd218, type: 3}
      propertyPath: m_RootOrder
      value: 7
      objectReference: {fileID: 0}
    - target: {fileID: 8178487014914312572, guid: 9376ccd54f5f6df4a813f56926efd218, type: 3}
      propertyPath: m_LocalEulerAnglesHint.x
      value: 0
      objectReference: {fileID: 0}
    - target: {fileID: 8178487014914312572, guid: 9376ccd54f5f6df4a813f56926efd218, type: 3}
      propertyPath: m_LocalEulerAnglesHint.y
      value: 0
      objectReference: {fileID: 0}
    - target: {fileID: 8178487014914312572, guid: 9376ccd54f5f6df4a813f56926efd218, type: 3}
      propertyPath: m_LocalEulerAnglesHint.z
      value: 0
      objectReference: {fileID: 0}
    - target: {fileID: 8178487014914312572, guid: 9376ccd54f5f6df4a813f56926efd218, type: 3}
      propertyPath: m_LocalScale.x
      value: 4
      objectReference: {fileID: 0}
    - target: {fileID: 8178487014914312572, guid: 9376ccd54f5f6df4a813f56926efd218, type: 3}
      propertyPath: m_LocalScale.y
      value: 4
      objectReference: {fileID: 0}
    - target: {fileID: 8178487014914312572, guid: 9376ccd54f5f6df4a813f56926efd218, type: 3}
      propertyPath: m_LocalScale.z
      value: 4
      objectReference: {fileID: 0}
    - target: {fileID: 8805665608116769734, guid: 9376ccd54f5f6df4a813f56926efd218, type: 3}
      propertyPath: m_Name
      value: Knife (7)
      objectReference: {fileID: 0}
    m_RemovedComponents: []
  m_SourcePrefab: {fileID: 100100000, guid: 9376ccd54f5f6df4a813f56926efd218, type: 3}
--- !u!1001 &7917434041856009378
PrefabInstance:
  m_ObjectHideFlags: 0
  serializedVersion: 2
  m_Modification:
    m_TransformParent: {fileID: 2072622218825260097}
    m_Modifications:
    - target: {fileID: 7076233423045699139, guid: f96ee692cde64f3429f744dc8082a3c3, type: 3}
      propertyPath: m_LocalPosition.x
      value: 0.5262909
      objectReference: {fileID: 0}
    - target: {fileID: 7076233423045699139, guid: f96ee692cde64f3429f744dc8082a3c3, type: 3}
      propertyPath: m_LocalPosition.y
      value: 0.459
      objectReference: {fileID: 0}
    - target: {fileID: 7076233423045699139, guid: f96ee692cde64f3429f744dc8082a3c3, type: 3}
      propertyPath: m_LocalPosition.z
      value: -0.19580841
      objectReference: {fileID: 0}
    - target: {fileID: 7076233423045699139, guid: f96ee692cde64f3429f744dc8082a3c3, type: 3}
      propertyPath: m_LocalRotation.x
      value: 0.000000040730303
      objectReference: {fileID: 0}
    - target: {fileID: 7076233423045699139, guid: f96ee692cde64f3429f744dc8082a3c3, type: 3}
      propertyPath: m_LocalRotation.y
      value: -0.86602443
      objectReference: {fileID: 0}
    - target: {fileID: 7076233423045699139, guid: f96ee692cde64f3429f744dc8082a3c3, type: 3}
      propertyPath: m_LocalRotation.z
      value: 0.000000070546655
      objectReference: {fileID: 0}
    - target: {fileID: 7076233423045699139, guid: f96ee692cde64f3429f744dc8082a3c3, type: 3}
      propertyPath: m_LocalRotation.w
      value: 0.5000018
      objectReference: {fileID: 0}
    - target: {fileID: 7076233423045699139, guid: f96ee692cde64f3429f744dc8082a3c3, type: 3}
      propertyPath: m_RootOrder
      value: 9
      objectReference: {fileID: 0}
    - target: {fileID: 7076233423045699139, guid: f96ee692cde64f3429f744dc8082a3c3, type: 3}
      propertyPath: m_LocalEulerAnglesHint.x
      value: 0
      objectReference: {fileID: 0}
    - target: {fileID: 7076233423045699139, guid: f96ee692cde64f3429f744dc8082a3c3, type: 3}
      propertyPath: m_LocalEulerAnglesHint.y
      value: -120
      objectReference: {fileID: 0}
    - target: {fileID: 7076233423045699139, guid: f96ee692cde64f3429f744dc8082a3c3, type: 3}
      propertyPath: m_LocalEulerAnglesHint.z
      value: 0
      objectReference: {fileID: 0}
    - target: {fileID: 7076233423045699139, guid: f96ee692cde64f3429f744dc8082a3c3, type: 3}
      propertyPath: m_LocalScale.x
      value: 0.2791036
      objectReference: {fileID: 0}
    - target: {fileID: 7076233423045699139, guid: f96ee692cde64f3429f744dc8082a3c3, type: 3}
      propertyPath: m_LocalScale.y
      value: 0.2791036
      objectReference: {fileID: 0}
    - target: {fileID: 7076233423045699139, guid: f96ee692cde64f3429f744dc8082a3c3, type: 3}
      propertyPath: m_LocalScale.z
      value: 0.2791036
      objectReference: {fileID: 0}
    - target: {fileID: 7599829190456835321, guid: f96ee692cde64f3429f744dc8082a3c3, type: 3}
      propertyPath: m_Name
      value: mug_3 Variant
      objectReference: {fileID: 0}
    m_RemovedComponents: []
  m_SourcePrefab: {fileID: 100100000, guid: f96ee692cde64f3429f744dc8082a3c3, type: 3}
--- !u!1001 &8121803886482861813
PrefabInstance:
  m_ObjectHideFlags: 0
  serializedVersion: 2
  m_Modification:
    m_TransformParent: {fileID: 2072622218825260097}
    m_Modifications:
    - target: {fileID: 8178487014914312572, guid: 9376ccd54f5f6df4a813f56926efd218, type: 3}
      propertyPath: m_LocalPosition.x
      value: 0.047
      objectReference: {fileID: 0}
    - target: {fileID: 8178487014914312572, guid: 9376ccd54f5f6df4a813f56926efd218, type: 3}
      propertyPath: m_LocalPosition.y
      value: 0.4684
      objectReference: {fileID: 0}
    - target: {fileID: 8178487014914312572, guid: 9376ccd54f5f6df4a813f56926efd218, type: 3}
      propertyPath: m_LocalPosition.z
      value: -0.30699974
      objectReference: {fileID: 0}
    - target: {fileID: 8178487014914312572, guid: 9376ccd54f5f6df4a813f56926efd218, type: 3}
      propertyPath: m_LocalRotation.x
      value: 0
      objectReference: {fileID: 0}
    - target: {fileID: 8178487014914312572, guid: 9376ccd54f5f6df4a813f56926efd218, type: 3}
      propertyPath: m_LocalRotation.y
      value: 0
      objectReference: {fileID: 0}
    - target: {fileID: 8178487014914312572, guid: 9376ccd54f5f6df4a813f56926efd218, type: 3}
      propertyPath: m_LocalRotation.z
      value: 0
      objectReference: {fileID: 0}
    - target: {fileID: 8178487014914312572, guid: 9376ccd54f5f6df4a813f56926efd218, type: 3}
      propertyPath: m_LocalRotation.w
      value: 1
      objectReference: {fileID: 0}
    - target: {fileID: 8178487014914312572, guid: 9376ccd54f5f6df4a813f56926efd218, type: 3}
      propertyPath: m_RootOrder
      value: 1
      objectReference: {fileID: 0}
    - target: {fileID: 8178487014914312572, guid: 9376ccd54f5f6df4a813f56926efd218, type: 3}
      propertyPath: m_LocalEulerAnglesHint.x
      value: 0
      objectReference: {fileID: 0}
    - target: {fileID: 8178487014914312572, guid: 9376ccd54f5f6df4a813f56926efd218, type: 3}
      propertyPath: m_LocalEulerAnglesHint.y
      value: 0
      objectReference: {fileID: 0}
    - target: {fileID: 8178487014914312572, guid: 9376ccd54f5f6df4a813f56926efd218, type: 3}
      propertyPath: m_LocalEulerAnglesHint.z
      value: 0
      objectReference: {fileID: 0}
    - target: {fileID: 8178487014914312572, guid: 9376ccd54f5f6df4a813f56926efd218, type: 3}
      propertyPath: m_LocalScale.x
      value: 4
      objectReference: {fileID: 0}
    - target: {fileID: 8178487014914312572, guid: 9376ccd54f5f6df4a813f56926efd218, type: 3}
      propertyPath: m_LocalScale.y
      value: 4
      objectReference: {fileID: 0}
    - target: {fileID: 8178487014914312572, guid: 9376ccd54f5f6df4a813f56926efd218, type: 3}
      propertyPath: m_LocalScale.z
      value: 4
      objectReference: {fileID: 0}
    - target: {fileID: 8805665608116769734, guid: 9376ccd54f5f6df4a813f56926efd218, type: 3}
      propertyPath: m_Name
      value: Knife (1)
      objectReference: {fileID: 0}
    m_RemovedComponents: []
  m_SourcePrefab: {fileID: 100100000, guid: 9376ccd54f5f6df4a813f56926efd218, type: 3}
--- !u!1001 &8121803888438030910
PrefabInstance:
  m_ObjectHideFlags: 0
  serializedVersion: 2
  m_Modification:
    m_TransformParent: {fileID: 0}
    m_Modifications:
    - target: {fileID: 7439612174531900613, guid: 810bdb3a7b3ad84458c0ffd06b96120d, type: 3}
      propertyPath: m_Name
      value: table_with_stuff_2 (1) Variant
      objectReference: {fileID: 0}
    - target: {fileID: 7815187327471677055, guid: 810bdb3a7b3ad84458c0ffd06b96120d, type: 3}
      propertyPath: m_LocalPosition.x
      value: -22.694
      objectReference: {fileID: 0}
    - target: {fileID: 7815187327471677055, guid: 810bdb3a7b3ad84458c0ffd06b96120d, type: 3}
      propertyPath: m_LocalPosition.y
      value: 0.227
      objectReference: {fileID: 0}
    - target: {fileID: 7815187327471677055, guid: 810bdb3a7b3ad84458c0ffd06b96120d, type: 3}
      propertyPath: m_LocalPosition.z
      value: -6.329
      objectReference: {fileID: 0}
    - target: {fileID: 7815187327471677055, guid: 810bdb3a7b3ad84458c0ffd06b96120d, type: 3}
      propertyPath: m_LocalRotation.x
      value: 0
      objectReference: {fileID: 0}
    - target: {fileID: 7815187327471677055, guid: 810bdb3a7b3ad84458c0ffd06b96120d, type: 3}
      propertyPath: m_LocalRotation.y
      value: 0
      objectReference: {fileID: 0}
    - target: {fileID: 7815187327471677055, guid: 810bdb3a7b3ad84458c0ffd06b96120d, type: 3}
      propertyPath: m_LocalRotation.z
      value: 0
      objectReference: {fileID: 0}
    - target: {fileID: 7815187327471677055, guid: 810bdb3a7b3ad84458c0ffd06b96120d, type: 3}
      propertyPath: m_LocalRotation.w
      value: 1
      objectReference: {fileID: 0}
    - target: {fileID: 7815187327471677055, guid: 810bdb3a7b3ad84458c0ffd06b96120d, type: 3}
      propertyPath: m_RootOrder
      value: 0
      objectReference: {fileID: 0}
    - target: {fileID: 7815187327471677055, guid: 810bdb3a7b3ad84458c0ffd06b96120d, type: 3}
      propertyPath: m_LocalEulerAnglesHint.x
      value: 0
      objectReference: {fileID: 0}
    - target: {fileID: 7815187327471677055, guid: 810bdb3a7b3ad84458c0ffd06b96120d, type: 3}
      propertyPath: m_LocalEulerAnglesHint.y
      value: 0
      objectReference: {fileID: 0}
    - target: {fileID: 7815187327471677055, guid: 810bdb3a7b3ad84458c0ffd06b96120d, type: 3}
      propertyPath: m_LocalEulerAnglesHint.z
      value: 0
      objectReference: {fileID: 0}
    - target: {fileID: 7815187327471677055, guid: 810bdb3a7b3ad84458c0ffd06b96120d, type: 3}
      propertyPath: m_LocalScale.x
      value: 0.4
      objectReference: {fileID: 0}
    - target: {fileID: 7815187327471677055, guid: 810bdb3a7b3ad84458c0ffd06b96120d, type: 3}
      propertyPath: m_LocalScale.y
      value: 0.4
      objectReference: {fileID: 0}
    - target: {fileID: 7815187327471677055, guid: 810bdb3a7b3ad84458c0ffd06b96120d, type: 3}
      propertyPath: m_LocalScale.z
      value: 0.4
      objectReference: {fileID: 0}
    m_RemovedComponents: []
  m_SourcePrefab: {fileID: 100100000, guid: 810bdb3a7b3ad84458c0ffd06b96120d, type: 3}
--- !u!4 &2072622218825260097 stripped
Transform:
  m_CorrespondingSourceObject: {fileID: 7815187327471677055, guid: 810bdb3a7b3ad84458c0ffd06b96120d, type: 3}
  m_PrefabInstance: {fileID: 8121803888438030910}
  m_PrefabAsset: {fileID: 0}
