%YAML 1.1
%TAG !u! tag:unity3d.com,2011:
--- !u!1001 &866474753759841118
PrefabInstance:
  m_ObjectHideFlags: 0
  serializedVersion: 2
  m_Modification:
    m_TransformParent: {fileID: 6895936525378076552}
    m_Modifications:
    - target: {fileID: 1440747787930422026, guid: 4046ab229cbb9c84d9ffed64656b8ec0, type: 3}
      propertyPath: m_LocalPosition.x
      value: -0.6040001
      objectReference: {fileID: 0}
    - target: {fileID: 1440747787930422026, guid: 4046ab229cbb9c84d9ffed64656b8ec0, type: 3}
      propertyPath: m_LocalPosition.y
      value: 0.45279998
      objectReference: {fileID: 0}
    - target: {fileID: 1440747787930422026, guid: 4046ab229cbb9c84d9ffed64656b8ec0, type: 3}
      propertyPath: m_LocalPosition.z
      value: 0.30265236
      objectReference: {fileID: 0}
    - target: {fileID: 1440747787930422026, guid: 4046ab229cbb9c84d9ffed64656b8ec0, type: 3}
      propertyPath: m_LocalRotation.x
      value: 2.3181454e-13
      objectReference: {fileID: 0}
    - target: {fileID: 1440747787930422026, guid: 4046ab229cbb9c84d9ffed64656b8ec0, type: 3}
      propertyPath: m_LocalRotation.y
      value: 1
      objectReference: {fileID: 0}
    - target: {fileID: 1440747787930422026, guid: 4046ab229cbb9c84d9ffed64656b8ec0, type: 3}
      propertyPath: m_LocalRotation.z
      value: -0.00000008146034
      objectReference: {fileID: 0}
    - target: {fileID: 1440747787930422026, guid: 4046ab229cbb9c84d9ffed64656b8ec0, type: 3}
      propertyPath: m_LocalRotation.w
      value: 0.0000029504295
      objectReference: {fileID: 0}
    - target: {fileID: 1440747787930422026, guid: 4046ab229cbb9c84d9ffed64656b8ec0, type: 3}
      propertyPath: m_RootOrder
      value: 6
      objectReference: {fileID: 0}
    - target: {fileID: 1440747787930422026, guid: 4046ab229cbb9c84d9ffed64656b8ec0, type: 3}
      propertyPath: m_LocalEulerAnglesHint.x
      value: 0
      objectReference: {fileID: 0}
    - target: {fileID: 1440747787930422026, guid: 4046ab229cbb9c84d9ffed64656b8ec0, type: 3}
      propertyPath: m_LocalEulerAnglesHint.y
      value: 180
      objectReference: {fileID: 0}
    - target: {fileID: 1440747787930422026, guid: 4046ab229cbb9c84d9ffed64656b8ec0, type: 3}
      propertyPath: m_LocalEulerAnglesHint.z
      value: 0
      objectReference: {fileID: 0}
    - target: {fileID: 1440747787930422026, guid: 4046ab229cbb9c84d9ffed64656b8ec0, type: 3}
      propertyPath: m_LocalScale.x
      value: 0.247
      objectReference: {fileID: 0}
    - target: {fileID: 1440747787930422026, guid: 4046ab229cbb9c84d9ffed64656b8ec0, type: 3}
      propertyPath: m_LocalScale.y
      value: 0.247
      objectReference: {fileID: 0}
    - target: {fileID: 1440747787930422026, guid: 4046ab229cbb9c84d9ffed64656b8ec0, type: 3}
      propertyPath: m_LocalScale.z
      value: 0.247
      objectReference: {fileID: 0}
    - target: {fileID: 1780400516974875056, guid: 4046ab229cbb9c84d9ffed64656b8ec0, type: 3}
      propertyPath: m_Name
      value: fork (3)
      objectReference: {fileID: 0}
    m_RemovedComponents: []
  m_SourcePrefab: {fileID: 100100000, guid: 4046ab229cbb9c84d9ffed64656b8ec0, type: 3}
--- !u!1001 &1040103951546400671
PrefabInstance:
  m_ObjectHideFlags: 0
  serializedVersion: 2
  m_Modification:
    m_TransformParent: {fileID: 6895936525378076552}
    m_Modifications:
    - target: {fileID: 3278793573954390959, guid: e7a969cfb9444344b814b7e869c5fbe2, type: 3}
      propertyPath: m_Name
      value: Hammer_Prop (1)
      objectReference: {fileID: 0}
    - target: {fileID: 3278793573954557839, guid: e7a969cfb9444344b814b7e869c5fbe2, type: 3}
      propertyPath: m_LocalPosition.x
      value: 0.493
      objectReference: {fileID: 0}
    - target: {fileID: 3278793573954557839, guid: e7a969cfb9444344b814b7e869c5fbe2, type: 3}
      propertyPath: m_LocalPosition.y
      value: 0.478
      objectReference: {fileID: 0}
    - target: {fileID: 3278793573954557839, guid: e7a969cfb9444344b814b7e869c5fbe2, type: 3}
      propertyPath: m_LocalPosition.z
      value: 0.177
      objectReference: {fileID: 0}
    - target: {fileID: 3278793573954557839, guid: e7a969cfb9444344b814b7e869c5fbe2, type: 3}
      propertyPath: m_LocalRotation.x
      value: 0.6532804
      objectReference: {fileID: 0}
    - target: {fileID: 3278793573954557839, guid: e7a969cfb9444344b814b7e869c5fbe2, type: 3}
      propertyPath: m_LocalRotation.y
      value: -0.2705981
      objectReference: {fileID: 0}
    - target: {fileID: 3278793573954557839, guid: e7a969cfb9444344b814b7e869c5fbe2, type: 3}
      propertyPath: m_LocalRotation.z
      value: 0.2705969
      objectReference: {fileID: 0}
    - target: {fileID: 3278793573954557839, guid: e7a969cfb9444344b814b7e869c5fbe2, type: 3}
      propertyPath: m_LocalRotation.w
      value: 0.6532831
      objectReference: {fileID: 0}
    - target: {fileID: 3278793573954557839, guid: e7a969cfb9444344b814b7e869c5fbe2, type: 3}
      propertyPath: m_RootOrder
      value: 2
      objectReference: {fileID: 0}
    - target: {fileID: 3278793573954557839, guid: e7a969cfb9444344b814b7e869c5fbe2, type: 3}
      propertyPath: m_LocalEulerAnglesHint.x
      value: 90
      objectReference: {fileID: 0}
    - target: {fileID: 3278793573954557839, guid: e7a969cfb9444344b814b7e869c5fbe2, type: 3}
      propertyPath: m_LocalEulerAnglesHint.y
      value: 0
      objectReference: {fileID: 0}
    - target: {fileID: 3278793573954557839, guid: e7a969cfb9444344b814b7e869c5fbe2, type: 3}
      propertyPath: m_LocalEulerAnglesHint.z
      value: 45
      objectReference: {fileID: 0}
    - target: {fileID: 3278793573954557839, guid: e7a969cfb9444344b814b7e869c5fbe2, type: 3}
      propertyPath: m_LocalScale.x
      value: 1.4434401
      objectReference: {fileID: 0}
    - target: {fileID: 3278793573954557839, guid: e7a969cfb9444344b814b7e869c5fbe2, type: 3}
      propertyPath: m_LocalScale.y
      value: 1.44344
      objectReference: {fileID: 0}
    - target: {fileID: 3278793573954557839, guid: e7a969cfb9444344b814b7e869c5fbe2, type: 3}
      propertyPath: m_LocalScale.z
      value: 1.44344
      objectReference: {fileID: 0}
    m_RemovedComponents: []
  m_SourcePrefab: {fileID: 100100000, guid: e7a969cfb9444344b814b7e869c5fbe2, type: 3}
--- !u!1001 &2168425548228469559
PrefabInstance:
  m_ObjectHideFlags: 0
  serializedVersion: 2
  m_Modification:
    m_TransformParent: {fileID: 6895936525378076552}
    m_Modifications:
    - target: {fileID: 8178487014914312572, guid: 9376ccd54f5f6df4a813f56926efd218, type: 3}
      propertyPath: m_LocalPosition.x
      value: -0.636
      objectReference: {fileID: 0}
    - target: {fileID: 8178487014914312572, guid: 9376ccd54f5f6df4a813f56926efd218, type: 3}
      propertyPath: m_LocalPosition.y
      value: 0.46430004
      objectReference: {fileID: 0}
    - target: {fileID: 8178487014914312572, guid: 9376ccd54f5f6df4a813f56926efd218, type: 3}
      propertyPath: m_LocalPosition.z
      value: -0.303
      objectReference: {fileID: 0}
    - target: {fileID: 8178487014914312572, guid: 9376ccd54f5f6df4a813f56926efd218, type: 3}
      propertyPath: m_LocalRotation.x
      value: -0
      objectReference: {fileID: 0}
    - target: {fileID: 8178487014914312572, guid: 9376ccd54f5f6df4a813f56926efd218, type: 3}
      propertyPath: m_LocalRotation.y
      value: 0.38268274
      objectReference: {fileID: 0}
    - target: {fileID: 8178487014914312572, guid: 9376ccd54f5f6df4a813f56926efd218, type: 3}
      propertyPath: m_LocalRotation.z
      value: -0
      objectReference: {fileID: 0}
    - target: {fileID: 8178487014914312572, guid: 9376ccd54f5f6df4a813f56926efd218, type: 3}
      propertyPath: m_LocalRotation.w
      value: 0.9238798
      objectReference: {fileID: 0}
    - target: {fileID: 8178487014914312572, guid: 9376ccd54f5f6df4a813f56926efd218, type: 3}
      propertyPath: m_RootOrder
      value: 1
      objectReference: {fileID: 0}
    - target: {fileID: 8178487014914312572, guid: 9376ccd54f5f6df4a813f56926efd218, type: 3}
      propertyPath: m_LocalEulerAnglesHint.x
      value: 0
      objectReference: {fileID: 0}
    - target: {fileID: 8178487014914312572, guid: 9376ccd54f5f6df4a813f56926efd218, type: 3}
      propertyPath: m_LocalEulerAnglesHint.y
      value: 45
      objectReference: {fileID: 0}
    - target: {fileID: 8178487014914312572, guid: 9376ccd54f5f6df4a813f56926efd218, type: 3}
      propertyPath: m_LocalEulerAnglesHint.z
      value: 0
      objectReference: {fileID: 0}
    - target: {fileID: 8178487014914312572, guid: 9376ccd54f5f6df4a813f56926efd218, type: 3}
      propertyPath: m_LocalScale.x
      value: 4
      objectReference: {fileID: 0}
    - target: {fileID: 8178487014914312572, guid: 9376ccd54f5f6df4a813f56926efd218, type: 3}
      propertyPath: m_LocalScale.y
      value: 4
      objectReference: {fileID: 0}
    - target: {fileID: 8178487014914312572, guid: 9376ccd54f5f6df4a813f56926efd218, type: 3}
      propertyPath: m_LocalScale.z
      value: 4
      objectReference: {fileID: 0}
    - target: {fileID: 8805665608116769734, guid: 9376ccd54f5f6df4a813f56926efd218, type: 3}
      propertyPath: m_Name
      value: Knife (7)
      objectReference: {fileID: 0}
    m_RemovedComponents: []
  m_SourcePrefab: {fileID: 100100000, guid: 9376ccd54f5f6df4a813f56926efd218, type: 3}
--- !u!1001 &2474807496592095302
PrefabInstance:
  m_ObjectHideFlags: 0
  serializedVersion: 2
  m_Modification:
    m_TransformParent: {fileID: 6895936525378076552}
    m_Modifications:
    - target: {fileID: 1440747787930422026, guid: 4046ab229cbb9c84d9ffed64656b8ec0, type: 3}
      propertyPath: m_LocalPosition.x
      value: -0.54439926
      objectReference: {fileID: 0}
    - target: {fileID: 1440747787930422026, guid: 4046ab229cbb9c84d9ffed64656b8ec0, type: 3}
      propertyPath: m_LocalPosition.y
      value: 0.45279998
      objectReference: {fileID: 0}
    - target: {fileID: 1440747787930422026, guid: 4046ab229cbb9c84d9ffed64656b8ec0, type: 3}
      propertyPath: m_LocalPosition.z
      value: 0.30265236
      objectReference: {fileID: 0}
    - target: {fileID: 1440747787930422026, guid: 4046ab229cbb9c84d9ffed64656b8ec0, type: 3}
      propertyPath: m_LocalRotation.x
      value: 2.3181454e-13
      objectReference: {fileID: 0}
    - target: {fileID: 1440747787930422026, guid: 4046ab229cbb9c84d9ffed64656b8ec0, type: 3}
      propertyPath: m_LocalRotation.y
      value: 1
      objectReference: {fileID: 0}
    - target: {fileID: 1440747787930422026, guid: 4046ab229cbb9c84d9ffed64656b8ec0, type: 3}
      propertyPath: m_LocalRotation.z
      value: -0.00000008146034
      objectReference: {fileID: 0}
    - target: {fileID: 1440747787930422026, guid: 4046ab229cbb9c84d9ffed64656b8ec0, type: 3}
      propertyPath: m_LocalRotation.w
      value: 0.0000029504295
      objectReference: {fileID: 0}
    - target: {fileID: 1440747787930422026, guid: 4046ab229cbb9c84d9ffed64656b8ec0, type: 3}
      propertyPath: m_RootOrder
      value: 5
      objectReference: {fileID: 0}
    - target: {fileID: 1440747787930422026, guid: 4046ab229cbb9c84d9ffed64656b8ec0, type: 3}
      propertyPath: m_LocalEulerAnglesHint.x
      value: 0
      objectReference: {fileID: 0}
    - target: {fileID: 1440747787930422026, guid: 4046ab229cbb9c84d9ffed64656b8ec0, type: 3}
      propertyPath: m_LocalEulerAnglesHint.y
      value: 180
      objectReference: {fileID: 0}
    - target: {fileID: 1440747787930422026, guid: 4046ab229cbb9c84d9ffed64656b8ec0, type: 3}
      propertyPath: m_LocalEulerAnglesHint.z
      value: 0
      objectReference: {fileID: 0}
    - target: {fileID: 1440747787930422026, guid: 4046ab229cbb9c84d9ffed64656b8ec0, type: 3}
      propertyPath: m_LocalScale.x
      value: 0.247
      objectReference: {fileID: 0}
    - target: {fileID: 1440747787930422026, guid: 4046ab229cbb9c84d9ffed64656b8ec0, type: 3}
      propertyPath: m_LocalScale.y
      value: 0.247
      objectReference: {fileID: 0}
    - target: {fileID: 1440747787930422026, guid: 4046ab229cbb9c84d9ffed64656b8ec0, type: 3}
      propertyPath: m_LocalScale.z
      value: 0.247
      objectReference: {fileID: 0}
    - target: {fileID: 1780400516974875056, guid: 4046ab229cbb9c84d9ffed64656b8ec0, type: 3}
      propertyPath: m_Name
      value: fork (2)
      objectReference: {fileID: 0}
    m_RemovedComponents: []
  m_SourcePrefab: {fileID: 100100000, guid: 4046ab229cbb9c84d9ffed64656b8ec0, type: 3}
--- !u!1001 &3111486344629793221
PrefabInstance:
  m_ObjectHideFlags: 0
  serializedVersion: 2
  m_Modification:
    m_TransformParent: {fileID: 6895936525378076552}
    m_Modifications:
    - target: {fileID: -8679921383154817045, guid: e126e113f7a16e443a1203df77a0ef7e, type: 3}
      propertyPath: m_LocalPosition.x
      value: 0.1507988
      objectReference: {fileID: 0}
    - target: {fileID: -8679921383154817045, guid: e126e113f7a16e443a1203df77a0ef7e, type: 3}
      propertyPath: m_LocalPosition.y
      value: 0.47039998
      objectReference: {fileID: 0}
    - target: {fileID: -8679921383154817045, guid: e126e113f7a16e443a1203df77a0ef7e, type: 3}
      propertyPath: m_LocalPosition.z
      value: -0.2446003
      objectReference: {fileID: 0}
    - target: {fileID: -8679921383154817045, guid: e126e113f7a16e443a1203df77a0ef7e, type: 3}
      propertyPath: m_LocalRotation.x
      value: -0.25240663
      objectReference: {fileID: 0}
    - target: {fileID: -8679921383154817045, guid: e126e113f7a16e443a1203df77a0ef7e, type: 3}
      propertyPath: m_LocalRotation.y
      value: 0.65346897
      objectReference: {fileID: 0}
    - target: {fileID: -8679921383154817045, guid: e126e113f7a16e443a1203df77a0ef7e, type: 3}
      propertyPath: m_LocalRotation.z
      value: 0.6697955
      objectReference: {fileID: 0}
    - target: {fileID: -8679921383154817045, guid: e126e113f7a16e443a1203df77a0ef7e, type: 3}
      propertyPath: m_LocalRotation.w
      value: 0.24625844
      objectReference: {fileID: 0}
    - target: {fileID: -8679921383154817045, guid: e126e113f7a16e443a1203df77a0ef7e, type: 3}
      propertyPath: m_RootOrder
      value: 10
      objectReference: {fileID: 0}
    - target: {fileID: -8679921383154817045, guid: e126e113f7a16e443a1203df77a0ef7e, type: 3}
      propertyPath: m_LocalEulerAnglesHint.x
      value: -91.413
      objectReference: {fileID: 0}
    - target: {fileID: -8679921383154817045, guid: e126e113f7a16e443a1203df77a0ef7e, type: 3}
      propertyPath: m_LocalEulerAnglesHint.y
      value: 138.716
      objectReference: {fileID: 0}
    - target: {fileID: -8679921383154817045, guid: e126e113f7a16e443a1203df77a0ef7e, type: 3}
      propertyPath: m_LocalEulerAnglesHint.z
      value: -0.013000488
      objectReference: {fileID: 0}
    - target: {fileID: -8679921383154817045, guid: e126e113f7a16e443a1203df77a0ef7e, type: 3}
      propertyPath: m_LocalScale.x
      value: 0.03431468
      objectReference: {fileID: 0}
    - target: {fileID: -8679921383154817045, guid: e126e113f7a16e443a1203df77a0ef7e, type: 3}
      propertyPath: m_LocalScale.y
      value: 0.03431468
      objectReference: {fileID: 0}
    - target: {fileID: -8679921383154817045, guid: e126e113f7a16e443a1203df77a0ef7e, type: 3}
      propertyPath: m_LocalScale.z
      value: 0.034314677
      objectReference: {fileID: 0}
    - target: {fileID: 919132149155446097, guid: e126e113f7a16e443a1203df77a0ef7e, type: 3}
      propertyPath: m_Name
      value: wrench knife (5)
      objectReference: {fileID: 0}
    m_RemovedComponents: []
  m_SourcePrefab: {fileID: 100100000, guid: e126e113f7a16e443a1203df77a0ef7e, type: 3}
--- !u!1001 &3355259815685113707
PrefabInstance:
  m_ObjectHideFlags: 0
  serializedVersion: 2
  m_Modification:
    m_TransformParent: {fileID: 6895936525378076552}
    m_Modifications:
    - target: {fileID: 7076233423045699139, guid: f96ee692cde64f3429f744dc8082a3c3, type: 3}
      propertyPath: m_LocalPosition.x
      value: 0.5262909
      objectReference: {fileID: 0}
    - target: {fileID: 7076233423045699139, guid: f96ee692cde64f3429f744dc8082a3c3, type: 3}
      propertyPath: m_LocalPosition.y
      value: 0.461
      objectReference: {fileID: 0}
    - target: {fileID: 7076233423045699139, guid: f96ee692cde64f3429f744dc8082a3c3, type: 3}
      propertyPath: m_LocalPosition.z
      value: -0.19580841
      objectReference: {fileID: 0}
    - target: {fileID: 7076233423045699139, guid: f96ee692cde64f3429f744dc8082a3c3, type: 3}
      propertyPath: m_LocalRotation.x
      value: 0.000000040730303
      objectReference: {fileID: 0}
    - target: {fileID: 7076233423045699139, guid: f96ee692cde64f3429f744dc8082a3c3, type: 3}
      propertyPath: m_LocalRotation.y
      value: -0.86602443
      objectReference: {fileID: 0}
    - target: {fileID: 7076233423045699139, guid: f96ee692cde64f3429f744dc8082a3c3, type: 3}
      propertyPath: m_LocalRotation.z
      value: 0.000000070546655
      objectReference: {fileID: 0}
    - target: {fileID: 7076233423045699139, guid: f96ee692cde64f3429f744dc8082a3c3, type: 3}
      propertyPath: m_LocalRotation.w
      value: 0.5000018
      objectReference: {fileID: 0}
    - target: {fileID: 7076233423045699139, guid: f96ee692cde64f3429f744dc8082a3c3, type: 3}
      propertyPath: m_RootOrder
      value: 3
      objectReference: {fileID: 0}
    - target: {fileID: 7076233423045699139, guid: f96ee692cde64f3429f744dc8082a3c3, type: 3}
      propertyPath: m_LocalEulerAnglesHint.x
      value: 0
      objectReference: {fileID: 0}
    - target: {fileID: 7076233423045699139, guid: f96ee692cde64f3429f744dc8082a3c3, type: 3}
      propertyPath: m_LocalEulerAnglesHint.y
      value: -120
      objectReference: {fileID: 0}
    - target: {fileID: 7076233423045699139, guid: f96ee692cde64f3429f744dc8082a3c3, type: 3}
      propertyPath: m_LocalEulerAnglesHint.z
      value: 0
      objectReference: {fileID: 0}
    - target: {fileID: 7076233423045699139, guid: f96ee692cde64f3429f744dc8082a3c3, type: 3}
      propertyPath: m_LocalScale.x
      value: 0.2791036
      objectReference: {fileID: 0}
    - target: {fileID: 7076233423045699139, guid: f96ee692cde64f3429f744dc8082a3c3, type: 3}
      propertyPath: m_LocalScale.y
      value: 0.2791036
      objectReference: {fileID: 0}
    - target: {fileID: 7076233423045699139, guid: f96ee692cde64f3429f744dc8082a3c3, type: 3}
      propertyPath: m_LocalScale.z
      value: 0.2791036
      objectReference: {fileID: 0}
    - target: {fileID: 7599829190456835321, guid: f96ee692cde64f3429f744dc8082a3c3, type: 3}
      propertyPath: m_Name
      value: mug_3 Variant
      objectReference: {fileID: 0}
    m_RemovedComponents: []
  m_SourcePrefab: {fileID: 100100000, guid: f96ee692cde64f3429f744dc8082a3c3, type: 3}
--- !u!1001 &3511865294948928937
PrefabInstance:
  m_ObjectHideFlags: 0
  serializedVersion: 2
  m_Modification:
    m_TransformParent: {fileID: 6895936525378076552}
    m_Modifications:
    - target: {fileID: 1440747787930422026, guid: 4046ab229cbb9c84d9ffed64656b8ec0, type: 3}
      propertyPath: m_LocalPosition.x
      value: -0.47340012
      objectReference: {fileID: 0}
    - target: {fileID: 1440747787930422026, guid: 4046ab229cbb9c84d9ffed64656b8ec0, type: 3}
      propertyPath: m_LocalPosition.y
      value: 0.45279998
      objectReference: {fileID: 0}
    - target: {fileID: 1440747787930422026, guid: 4046ab229cbb9c84d9ffed64656b8ec0, type: 3}
      propertyPath: m_LocalPosition.z
      value: 0.30265236
      objectReference: {fileID: 0}
    - target: {fileID: 1440747787930422026, guid: 4046ab229cbb9c84d9ffed64656b8ec0, type: 3}
      propertyPath: m_LocalRotation.x
      value: 2.3181454e-13
      objectReference: {fileID: 0}
    - target: {fileID: 1440747787930422026, guid: 4046ab229cbb9c84d9ffed64656b8ec0, type: 3}
      propertyPath: m_LocalRotation.y
      value: 1
      objectReference: {fileID: 0}
    - target: {fileID: 1440747787930422026, guid: 4046ab229cbb9c84d9ffed64656b8ec0, type: 3}
      propertyPath: m_LocalRotation.z
      value: -0.00000008146034
      objectReference: {fileID: 0}
    - target: {fileID: 1440747787930422026, guid: 4046ab229cbb9c84d9ffed64656b8ec0, type: 3}
      propertyPath: m_LocalRotation.w
      value: 0.0000029504295
      objectReference: {fileID: 0}
    - target: {fileID: 1440747787930422026, guid: 4046ab229cbb9c84d9ffed64656b8ec0, type: 3}
      propertyPath: m_RootOrder
      value: 4
      objectReference: {fileID: 0}
    - target: {fileID: 1440747787930422026, guid: 4046ab229cbb9c84d9ffed64656b8ec0, type: 3}
      propertyPath: m_LocalEulerAnglesHint.x
      value: 0
      objectReference: {fileID: 0}
    - target: {fileID: 1440747787930422026, guid: 4046ab229cbb9c84d9ffed64656b8ec0, type: 3}
      propertyPath: m_LocalEulerAnglesHint.y
      value: 180
      objectReference: {fileID: 0}
    - target: {fileID: 1440747787930422026, guid: 4046ab229cbb9c84d9ffed64656b8ec0, type: 3}
      propertyPath: m_LocalEulerAnglesHint.z
      value: 0
      objectReference: {fileID: 0}
    - target: {fileID: 1440747787930422026, guid: 4046ab229cbb9c84d9ffed64656b8ec0, type: 3}
      propertyPath: m_LocalScale.x
      value: 0.247
      objectReference: {fileID: 0}
    - target: {fileID: 1440747787930422026, guid: 4046ab229cbb9c84d9ffed64656b8ec0, type: 3}
      propertyPath: m_LocalScale.y
      value: 0.247
      objectReference: {fileID: 0}
    - target: {fileID: 1440747787930422026, guid: 4046ab229cbb9c84d9ffed64656b8ec0, type: 3}
      propertyPath: m_LocalScale.z
      value: 0.247
      objectReference: {fileID: 0}
    - target: {fileID: 1780400516974875056, guid: 4046ab229cbb9c84d9ffed64656b8ec0, type: 3}
      propertyPath: m_Name
      value: fork (1)
      objectReference: {fileID: 0}
    m_RemovedComponents: []
  m_SourcePrefab: {fileID: 100100000, guid: 4046ab229cbb9c84d9ffed64656b8ec0, type: 3}
--- !u!1001 &3730764777507017207
PrefabInstance:
  m_ObjectHideFlags: 0
  serializedVersion: 2
  m_Modification:
    m_TransformParent: {fileID: 0}
    m_Modifications:
    - target: {fileID: 7439612174531900613, guid: 810bdb3a7b3ad84458c0ffd06b96120d, type: 3}
      propertyPath: m_Name
      value: table_with_stuff_3  Variant
      objectReference: {fileID: 0}
    - target: {fileID: 7815187327471677055, guid: 810bdb3a7b3ad84458c0ffd06b96120d, type: 3}
      propertyPath: m_LocalPosition.x
      value: -25.938
      objectReference: {fileID: 0}
    - target: {fileID: 7815187327471677055, guid: 810bdb3a7b3ad84458c0ffd06b96120d, type: 3}
      propertyPath: m_LocalPosition.y
      value: 0.227
      objectReference: {fileID: 0}
    - target: {fileID: 7815187327471677055, guid: 810bdb3a7b3ad84458c0ffd06b96120d, type: 3}
      propertyPath: m_LocalPosition.z
      value: -6.329
      objectReference: {fileID: 0}
    - target: {fileID: 7815187327471677055, guid: 810bdb3a7b3ad84458c0ffd06b96120d, type: 3}
      propertyPath: m_LocalRotation.x
      value: 0
      objectReference: {fileID: 0}
    - target: {fileID: 7815187327471677055, guid: 810bdb3a7b3ad84458c0ffd06b96120d, type: 3}
      propertyPath: m_LocalRotation.y
      value: 0
      objectReference: {fileID: 0}
    - target: {fileID: 7815187327471677055, guid: 810bdb3a7b3ad84458c0ffd06b96120d, type: 3}
      propertyPath: m_LocalRotation.z
      value: 0
      objectReference: {fileID: 0}
    - target: {fileID: 7815187327471677055, guid: 810bdb3a7b3ad84458c0ffd06b96120d, type: 3}
      propertyPath: m_LocalRotation.w
      value: 1
      objectReference: {fileID: 0}
    - target: {fileID: 7815187327471677055, guid: 810bdb3a7b3ad84458c0ffd06b96120d, type: 3}
      propertyPath: m_RootOrder
      value: 0
      objectReference: {fileID: 0}
    - target: {fileID: 7815187327471677055, guid: 810bdb3a7b3ad84458c0ffd06b96120d, type: 3}
      propertyPath: m_LocalEulerAnglesHint.x
      value: 0
      objectReference: {fileID: 0}
    - target: {fileID: 7815187327471677055, guid: 810bdb3a7b3ad84458c0ffd06b96120d, type: 3}
      propertyPath: m_LocalEulerAnglesHint.y
      value: 0
      objectReference: {fileID: 0}
    - target: {fileID: 7815187327471677055, guid: 810bdb3a7b3ad84458c0ffd06b96120d, type: 3}
      propertyPath: m_LocalEulerAnglesHint.z
      value: 0
      objectReference: {fileID: 0}
    - target: {fileID: 7815187327471677055, guid: 810bdb3a7b3ad84458c0ffd06b96120d, type: 3}
      propertyPath: m_LocalScale.x
      value: 0.4
      objectReference: {fileID: 0}
    - target: {fileID: 7815187327471677055, guid: 810bdb3a7b3ad84458c0ffd06b96120d, type: 3}
      propertyPath: m_LocalScale.y
      value: 0.4
      objectReference: {fileID: 0}
    - target: {fileID: 7815187327471677055, guid: 810bdb3a7b3ad84458c0ffd06b96120d, type: 3}
      propertyPath: m_LocalScale.z
      value: 0.4
      objectReference: {fileID: 0}
    m_RemovedComponents: []
  m_SourcePrefab: {fileID: 100100000, guid: 810bdb3a7b3ad84458c0ffd06b96120d, type: 3}
--- !u!4 &6895936525378076552 stripped
Transform:
  m_CorrespondingSourceObject: {fileID: 7815187327471677055, guid: 810bdb3a7b3ad84458c0ffd06b96120d, type: 3}
  m_PrefabInstance: {fileID: 3730764777507017207}
  m_PrefabAsset: {fileID: 0}
--- !u!1001 &4632301031895164729
PrefabInstance:
  m_ObjectHideFlags: 0
  serializedVersion: 2
  m_Modification:
    m_TransformParent: {fileID: 6895936525378076552}
    m_Modifications:
    - target: {fileID: 1440747787930422026, guid: 4046ab229cbb9c84d9ffed64656b8ec0, type: 3}
      propertyPath: m_LocalPosition.x
      value: -0.66479874
      objectReference: {fileID: 0}
    - target: {fileID: 1440747787930422026, guid: 4046ab229cbb9c84d9ffed64656b8ec0, type: 3}
      propertyPath: m_LocalPosition.y
      value: 0.45279998
      objectReference: {fileID: 0}
    - target: {fileID: 1440747787930422026, guid: 4046ab229cbb9c84d9ffed64656b8ec0, type: 3}
      propertyPath: m_LocalPosition.z
      value: 0.30265236
      objectReference: {fileID: 0}
    - target: {fileID: 1440747787930422026, guid: 4046ab229cbb9c84d9ffed64656b8ec0, type: 3}
      propertyPath: m_LocalRotation.x
      value: 2.3181454e-13
      objectReference: {fileID: 0}
    - target: {fileID: 1440747787930422026, guid: 4046ab229cbb9c84d9ffed64656b8ec0, type: 3}
      propertyPath: m_LocalRotation.y
      value: 1
      objectReference: {fileID: 0}
    - target: {fileID: 1440747787930422026, guid: 4046ab229cbb9c84d9ffed64656b8ec0, type: 3}
      propertyPath: m_LocalRotation.z
      value: -0.00000008146034
      objectReference: {fileID: 0}
    - target: {fileID: 1440747787930422026, guid: 4046ab229cbb9c84d9ffed64656b8ec0, type: 3}
      propertyPath: m_LocalRotation.w
      value: 0.0000029504295
      objectReference: {fileID: 0}
    - target: {fileID: 1440747787930422026, guid: 4046ab229cbb9c84d9ffed64656b8ec0, type: 3}
      propertyPath: m_RootOrder
      value: 7
      objectReference: {fileID: 0}
    - target: {fileID: 1440747787930422026, guid: 4046ab229cbb9c84d9ffed64656b8ec0, type: 3}
      propertyPath: m_LocalEulerAnglesHint.x
      value: 0
      objectReference: {fileID: 0}
    - target: {fileID: 1440747787930422026, guid: 4046ab229cbb9c84d9ffed64656b8ec0, type: 3}
      propertyPath: m_LocalEulerAnglesHint.y
      value: 180
      objectReference: {fileID: 0}
    - target: {fileID: 1440747787930422026, guid: 4046ab229cbb9c84d9ffed64656b8ec0, type: 3}
      propertyPath: m_LocalEulerAnglesHint.z
      value: 0
      objectReference: {fileID: 0}
    - target: {fileID: 1440747787930422026, guid: 4046ab229cbb9c84d9ffed64656b8ec0, type: 3}
      propertyPath: m_LocalScale.x
      value: 0.247
      objectReference: {fileID: 0}
    - target: {fileID: 1440747787930422026, guid: 4046ab229cbb9c84d9ffed64656b8ec0, type: 3}
      propertyPath: m_LocalScale.y
      value: 0.247
      objectReference: {fileID: 0}
    - target: {fileID: 1440747787930422026, guid: 4046ab229cbb9c84d9ffed64656b8ec0, type: 3}
      propertyPath: m_LocalScale.z
      value: 0.247
      objectReference: {fileID: 0}
    - target: {fileID: 1780400516974875056, guid: 4046ab229cbb9c84d9ffed64656b8ec0, type: 3}
      propertyPath: m_Name
      value: fork (4)
      objectReference: {fileID: 0}
    m_RemovedComponents: []
  m_SourcePrefab: {fileID: 100100000, guid: 4046ab229cbb9c84d9ffed64656b8ec0, type: 3}
--- !u!1001 &5485904694003040220
PrefabInstance:
  m_ObjectHideFlags: 0
  serializedVersion: 2
  m_Modification:
    m_TransformParent: {fileID: 6895936525378076552}
    m_Modifications:
    - target: {fileID: 1440747787930422026, guid: 4046ab229cbb9c84d9ffed64656b8ec0, type: 3}
      propertyPath: m_LocalPosition.x
      value: -0.212
      objectReference: {fileID: 0}
    - target: {fileID: 1440747787930422026, guid: 4046ab229cbb9c84d9ffed64656b8ec0, type: 3}
      propertyPath: m_LocalPosition.y
      value: 0.45279998
      objectReference: {fileID: 0}
    - target: {fileID: 1440747787930422026, guid: 4046ab229cbb9c84d9ffed64656b8ec0, type: 3}
      propertyPath: m_LocalPosition.z
      value: -0.062
      objectReference: {fileID: 0}
    - target: {fileID: 1440747787930422026, guid: 4046ab229cbb9c84d9ffed64656b8ec0, type: 3}
      propertyPath: m_LocalRotation.x
      value: 0.00000003569234
      objectReference: {fileID: 0}
    - target: {fileID: 1440747787930422026, guid: 4046ab229cbb9c84d9ffed64656b8ec0, type: 3}
      propertyPath: m_LocalRotation.y
      value: 0.89889896
      objectReference: {fileID: 0}
    - target: {fileID: 1440747787930422026, guid: 4046ab229cbb9c84d9ffed64656b8ec0, type: 3}
      propertyPath: m_LocalRotation.z
      value: -0.000000073224626
      objectReference: {fileID: 0}
    - target: {fileID: 1440747787930422026, guid: 4046ab229cbb9c84d9ffed64656b8ec0, type: 3}
      propertyPath: m_LocalRotation.w
      value: 0.43815607
      objectReference: {fileID: 0}
    - target: {fileID: 1440747787930422026, guid: 4046ab229cbb9c84d9ffed64656b8ec0, type: 3}
      propertyPath: m_RootOrder
      value: 11
      objectReference: {fileID: 0}
    - target: {fileID: 1440747787930422026, guid: 4046ab229cbb9c84d9ffed64656b8ec0, type: 3}
      propertyPath: m_LocalEulerAnglesHint.x
      value: 0
      objectReference: {fileID: 0}
    - target: {fileID: 1440747787930422026, guid: 4046ab229cbb9c84d9ffed64656b8ec0, type: 3}
      propertyPath: m_LocalEulerAnglesHint.y
      value: 128.027
      objectReference: {fileID: 0}
    - target: {fileID: 1440747787930422026, guid: 4046ab229cbb9c84d9ffed64656b8ec0, type: 3}
      propertyPath: m_LocalEulerAnglesHint.z
      value: 0
      objectReference: {fileID: 0}
    - target: {fileID: 1780400516974875056, guid: 4046ab229cbb9c84d9ffed64656b8ec0, type: 3}
      propertyPath: m_Name
      value: fork (6)
      objectReference: {fileID: 0}
    m_RemovedComponents: []
  m_SourcePrefab: {fileID: 100100000, guid: 4046ab229cbb9c84d9ffed64656b8ec0, type: 3}
--- !u!1001 &5677479824811351791
PrefabInstance:
  m_ObjectHideFlags: 0
  serializedVersion: 2
  m_Modification:
    m_TransformParent: {fileID: 6895936525378076552}
    m_Modifications:
    - target: {fileID: 8178487014914312572, guid: 9376ccd54f5f6df4a813f56926efd218, type: 3}
      propertyPath: m_LocalPosition.x
      value: -0.53
      objectReference: {fileID: 0}
    - target: {fileID: 8178487014914312572, guid: 9376ccd54f5f6df4a813f56926efd218, type: 3}
      propertyPath: m_LocalPosition.y
      value: 0.4643
      objectReference: {fileID: 0}
    - target: {fileID: 8178487014914312572, guid: 9376ccd54f5f6df4a813f56926efd218, type: 3}
      propertyPath: m_LocalPosition.z
      value: -0.376
      objectReference: {fileID: 0}
    - target: {fileID: 8178487014914312572, guid: 9376ccd54f5f6df4a813f56926efd218, type: 3}
      propertyPath: m_LocalRotation.x
      value: -0
      objectReference: {fileID: 0}
    - target: {fileID: 8178487014914312572, guid: 9376ccd54f5f6df4a813f56926efd218, type: 3}
      propertyPath: m_LocalRotation.y
      value: 0.49999917
      objectReference: {fileID: 0}
    - target: {fileID: 8178487014914312572, guid: 9376ccd54f5f6df4a813f56926efd218, type: 3}
      propertyPath: m_LocalRotation.z
      value: -0
      objectReference: {fileID: 0}
    - target: {fileID: 8178487014914312572, guid: 9376ccd54f5f6df4a813f56926efd218, type: 3}
      propertyPath: m_LocalRotation.w
      value: 0.8660259
      objectReference: {fileID: 0}
    - target: {fileID: 8178487014914312572, guid: 9376ccd54f5f6df4a813f56926efd218, type: 3}
      propertyPath: m_RootOrder
      value: 0
      objectReference: {fileID: 0}
    - target: {fileID: 8178487014914312572, guid: 9376ccd54f5f6df4a813f56926efd218, type: 3}
      propertyPath: m_LocalEulerAnglesHint.x
      value: 0
      objectReference: {fileID: 0}
    - target: {fileID: 8178487014914312572, guid: 9376ccd54f5f6df4a813f56926efd218, type: 3}
      propertyPath: m_LocalEulerAnglesHint.y
      value: 60
      objectReference: {fileID: 0}
    - target: {fileID: 8178487014914312572, guid: 9376ccd54f5f6df4a813f56926efd218, type: 3}
      propertyPath: m_LocalEulerAnglesHint.z
      value: 0
      objectReference: {fileID: 0}
    - target: {fileID: 8178487014914312572, guid: 9376ccd54f5f6df4a813f56926efd218, type: 3}
      propertyPath: m_LocalScale.x
      value: 4
      objectReference: {fileID: 0}
    - target: {fileID: 8178487014914312572, guid: 9376ccd54f5f6df4a813f56926efd218, type: 3}
      propertyPath: m_LocalScale.y
      value: 4
      objectReference: {fileID: 0}
    - target: {fileID: 8178487014914312572, guid: 9376ccd54f5f6df4a813f56926efd218, type: 3}
      propertyPath: m_LocalScale.z
      value: 4
      objectReference: {fileID: 0}
    - target: {fileID: 8805665608116769734, guid: 9376ccd54f5f6df4a813f56926efd218, type: 3}
      propertyPath: m_Name
      value: Knife (6)
      objectReference: {fileID: 0}
    m_RemovedComponents: []
  m_SourcePrefab: {fileID: 100100000, guid: 9376ccd54f5f6df4a813f56926efd218, type: 3}
--- !u!1001 &7223788735309087673
PrefabInstance:
  m_ObjectHideFlags: 0
  serializedVersion: 2
  m_Modification:
    m_TransformParent: {fileID: 6895936525378076552}
    m_Modifications:
    - target: {fileID: 1440747787930422026, guid: 4046ab229cbb9c84d9ffed64656b8ec0, type: 3}
      propertyPath: m_LocalPosition.x
      value: -0.7290001
      objectReference: {fileID: 0}
    - target: {fileID: 1440747787930422026, guid: 4046ab229cbb9c84d9ffed64656b8ec0, type: 3}
      propertyPath: m_LocalPosition.y
      value: 0.45279998
      objectReference: {fileID: 0}
    - target: {fileID: 1440747787930422026, guid: 4046ab229cbb9c84d9ffed64656b8ec0, type: 3}
      propertyPath: m_LocalPosition.z
      value: 0.30265236
      objectReference: {fileID: 0}
    - target: {fileID: 1440747787930422026, guid: 4046ab229cbb9c84d9ffed64656b8ec0, type: 3}
      propertyPath: m_LocalRotation.x
      value: 2.3181454e-13
      objectReference: {fileID: 0}
    - target: {fileID: 1440747787930422026, guid: 4046ab229cbb9c84d9ffed64656b8ec0, type: 3}
      propertyPath: m_LocalRotation.y
      value: 1
      objectReference: {fileID: 0}
    - target: {fileID: 1440747787930422026, guid: 4046ab229cbb9c84d9ffed64656b8ec0, type: 3}
      propertyPath: m_LocalRotation.z
      value: -0.00000008146034
      objectReference: {fileID: 0}
    - target: {fileID: 1440747787930422026, guid: 4046ab229cbb9c84d9ffed64656b8ec0, type: 3}
      propertyPath: m_LocalRotation.w
      value: 0.0000029504295
      objectReference: {fileID: 0}
    - target: {fileID: 1440747787930422026, guid: 4046ab229cbb9c84d9ffed64656b8ec0, type: 3}
      propertyPath: m_RootOrder
      value: 8
      objectReference: {fileID: 0}
    - target: {fileID: 1440747787930422026, guid: 4046ab229cbb9c84d9ffed64656b8ec0, type: 3}
      propertyPath: m_LocalEulerAnglesHint.x
      value: 0
      objectReference: {fileID: 0}
    - target: {fileID: 1440747787930422026, guid: 4046ab229cbb9c84d9ffed64656b8ec0, type: 3}
      propertyPath: m_LocalEulerAnglesHint.y
      value: 180
      objectReference: {fileID: 0}
    - target: {fileID: 1440747787930422026, guid: 4046ab229cbb9c84d9ffed64656b8ec0, type: 3}
      propertyPath: m_LocalEulerAnglesHint.z
      value: 0
      objectReference: {fileID: 0}
    - target: {fileID: 1440747787930422026, guid: 4046ab229cbb9c84d9ffed64656b8ec0, type: 3}
      propertyPath: m_LocalScale.x
      value: 0.247
      objectReference: {fileID: 0}
    - target: {fileID: 1440747787930422026, guid: 4046ab229cbb9c84d9ffed64656b8ec0, type: 3}
      propertyPath: m_LocalScale.y
      value: 0.247
      objectReference: {fileID: 0}
    - target: {fileID: 1440747787930422026, guid: 4046ab229cbb9c84d9ffed64656b8ec0, type: 3}
      propertyPath: m_LocalScale.z
      value: 0.247
      objectReference: {fileID: 0}
    - target: {fileID: 1780400516974875056, guid: 4046ab229cbb9c84d9ffed64656b8ec0, type: 3}
      propertyPath: m_Name
      value: fork (5)
      objectReference: {fileID: 0}
    m_RemovedComponents: []
  m_SourcePrefab: {fileID: 100100000, guid: 4046ab229cbb9c84d9ffed64656b8ec0, type: 3}
--- !u!1001 &8245089316747462687
PrefabInstance:
  m_ObjectHideFlags: 0
  serializedVersion: 2
  m_Modification:
    m_TransformParent: {fileID: 6895936525378076552}
    m_Modifications:
    - target: {fileID: 1440747787930422026, guid: 4046ab229cbb9c84d9ffed64656b8ec0, type: 3}
      propertyPath: m_LocalPosition.x
      value: -0.41399765
      objectReference: {fileID: 0}
    - target: {fileID: 1440747787930422026, guid: 4046ab229cbb9c84d9ffed64656b8ec0, type: 3}
      propertyPath: m_LocalPosition.y
      value: 0.45279998
      objectReference: {fileID: 0}
    - target: {fileID: 1440747787930422026, guid: 4046ab229cbb9c84d9ffed64656b8ec0, type: 3}
      propertyPath: m_LocalPosition.z
      value: 0.30265236
      objectReference: {fileID: 0}
    - target: {fileID: 1440747787930422026, guid: 4046ab229cbb9c84d9ffed64656b8ec0, type: 3}
      propertyPath: m_LocalRotation.x
      value: 2.3181454e-13
      objectReference: {fileID: 0}
    - target: {fileID: 1440747787930422026, guid: 4046ab229cbb9c84d9ffed64656b8ec0, type: 3}
      propertyPath: m_LocalRotation.y
      value: 1
      objectReference: {fileID: 0}
    - target: {fileID: 1440747787930422026, guid: 4046ab229cbb9c84d9ffed64656b8ec0, type: 3}
      propertyPath: m_LocalRotation.z
      value: -0.00000008146034
      objectReference: {fileID: 0}
    - target: {fileID: 1440747787930422026, guid: 4046ab229cbb9c84d9ffed64656b8ec0, type: 3}
      propertyPath: m_LocalRotation.w
      value: 0.0000029504295
      objectReference: {fileID: 0}
    - target: {fileID: 1440747787930422026, guid: 4046ab229cbb9c84d9ffed64656b8ec0, type: 3}
      propertyPath: m_RootOrder
      value: 9
      objectReference: {fileID: 0}
    - target: {fileID: 1440747787930422026, guid: 4046ab229cbb9c84d9ffed64656b8ec0, type: 3}
      propertyPath: m_LocalEulerAnglesHint.x
      value: 0
      objectReference: {fileID: 0}
    - target: {fileID: 1440747787930422026, guid: 4046ab229cbb9c84d9ffed64656b8ec0, type: 3}
      propertyPath: m_LocalEulerAnglesHint.y
      value: 180
      objectReference: {fileID: 0}
    - target: {fileID: 1440747787930422026, guid: 4046ab229cbb9c84d9ffed64656b8ec0, type: 3}
      propertyPath: m_LocalEulerAnglesHint.z
      value: 0
      objectReference: {fileID: 0}
    - target: {fileID: 1440747787930422026, guid: 4046ab229cbb9c84d9ffed64656b8ec0, type: 3}
      propertyPath: m_LocalScale.x
      value: 0.247
      objectReference: {fileID: 0}
    - target: {fileID: 1440747787930422026, guid: 4046ab229cbb9c84d9ffed64656b8ec0, type: 3}
      propertyPath: m_LocalScale.y
      value: 0.247
      objectReference: {fileID: 0}
    - target: {fileID: 1440747787930422026, guid: 4046ab229cbb9c84d9ffed64656b8ec0, type: 3}
      propertyPath: m_LocalScale.z
      value: 0.247
      objectReference: {fileID: 0}
    - target: {fileID: 1780400516974875056, guid: 4046ab229cbb9c84d9ffed64656b8ec0, type: 3}
      propertyPath: m_Name
      value: fork
      objectReference: {fileID: 0}
    m_RemovedComponents: []
  m_SourcePrefab: {fileID: 100100000, guid: 4046ab229cbb9c84d9ffed64656b8ec0, type: 3}
