%YAML 1.1
%TAG !u! tag:unity3d.com,2011:
--- !u!1 &3662867960917791578
GameObject:
  m_ObjectHideFlags: 0
  m_CorrespondingSourceObject: {fileID: 0}
  m_PrefabInstance: {fileID: 0}
  m_PrefabAsset: {fileID: 0}
  serializedVersion: 6
  m_Component:
  - component: {fileID: 3662867960917791582}
  - component: {fileID: 3662867960917791577}
  - component: {fileID: 3662867960917791576}
  - component: {fileID: 3662867960917791579}
  m_Layer: 0
  m_Name: workshop_pallet_ver_2
  m_TagString: Untagged
  m_Icon: {fileID: 0}
  m_NavMeshLayer: 0
  m_StaticEditorFlags: 0
  m_IsActive: 1
--- !u!4 &3662867960917791582
Transform:
  m_ObjectHideFlags: 0
  m_CorrespondingSourceObject: {fileID: 0}
  m_PrefabInstance: {fileID: 0}
  m_PrefabAsset: {fileID: 0}
  m_GameObject: {fileID: 3662867960917791578}
  m_LocalRotation: {x: -0, y: -0, z: -0, w: 1}
  m_LocalPosition: {x: 0.04781246, y: -0.1917786, z: 0.50861883}
  m_LocalScale: {x: 1.8792851, y: 0.7383043, z: 0.037057105}
  m_Children: []
  m_Father: {fileID: 7063902327991218397}
  m_RootOrder: 0
  m_LocalEulerAnglesHint: {x: 0, y: 0, z: 0}
--- !u!33 &3662867960917791577
MeshFilter:
  m_ObjectHideFlags: 0
  m_CorrespondingSourceObject: {fileID: 0}
  m_PrefabInstance: {fileID: 0}
  m_PrefabAsset: {fileID: 0}
  m_GameObject: {fileID: 3662867960917791578}
  m_Mesh: {fileID: 10202, guid: 0000000000000000e000000000000000, type: 0}
--- !u!23 &3662867960917791576
MeshRenderer:
  m_ObjectHideFlags: 0
  m_CorrespondingSourceObject: {fileID: 0}
  m_PrefabInstance: {fileID: 0}
  m_PrefabAsset: {fileID: 0}
  m_GameObject: {fileID: 3662867960917791578}
  m_Enabled: 1
  m_CastShadows: 1
  m_ReceiveShadows: 1
  m_DynamicOccludee: 1
  m_MotionVectors: 1
  m_LightProbeUsage: 1
  m_ReflectionProbeUsage: 1
  m_RayTracingMode: 2
  m_RayTraceProcedural: 0
  m_RenderingLayerMask: 1
  m_RendererPriority: 0
  m_Materials:
  - {fileID: 2100000, guid: 5b87cd9cac7a2b14d8194b35252c686e, type: 2}
  m_StaticBatchInfo:
    firstSubMesh: 0
    subMeshCount: 0
  m_StaticBatchRoot: {fileID: 0}
  m_ProbeAnchor: {fileID: 0}
  m_LightProbeVolumeOverride: {fileID: 0}
  m_ScaleInLightmap: 1
  m_ReceiveGI: 1
  m_PreserveUVs: 0
  m_IgnoreNormalsForChartDetection: 0
  m_ImportantGI: 0
  m_StitchLightmapSeams: 1
  m_SelectedEditorRenderState: 3
  m_MinimumChartSize: 4
  m_AutoUVMaxDistance: 0.5
  m_AutoUVMaxAngle: 89
  m_LightmapParameters: {fileID: 0}
  m_SortingLayerID: 0
  m_SortingLayer: 0
  m_SortingOrder: 0
  m_AdditionalVertexStreams: {fileID: 0}
--- !u!65 &3662867960917791579
BoxCollider:
  m_ObjectHideFlags: 0
  m_CorrespondingSourceObject: {fileID: 0}
  m_PrefabInstance: {fileID: 0}
  m_PrefabAsset: {fileID: 0}
  m_GameObject: {fileID: 3662867960917791578}
  m_Material: {fileID: 0}
  m_IsTrigger: 0
  m_Enabled: 1
  serializedVersion: 2
  m_Size: {x: 1, y: 1, z: 1}
  m_Center: {x: 0, y: 0, z: 0}
--- !u!1 &5743089229495555559
GameObject:
  m_ObjectHideFlags: 0
  m_CorrespondingSourceObject: {fileID: 0}
  m_PrefabInstance: {fileID: 0}
  m_PrefabAsset: {fileID: 0}
  serializedVersion: 6
  m_Component:
  - component: {fileID: 7063902327991218397}
  m_Layer: 0
  m_Name: workshop_pallet_ver_1 1
  m_TagString: Untagged
  m_Icon: {fileID: 0}
  m_NavMeshLayer: 0
  m_StaticEditorFlags: 0
  m_IsActive: 1
--- !u!4 &7063902327991218397
Transform:
  m_ObjectHideFlags: 0
  m_CorrespondingSourceObject: {fileID: 0}
  m_PrefabInstance: {fileID: 0}
  m_PrefabAsset: {fileID: 0}
  m_GameObject: {fileID: 5743089229495555559}
  m_LocalRotation: {x: 0, y: 0, z: 0, w: 1}
  m_LocalPosition: {x: -10.125664, y: 0.8679728, z: -7.514619}
  m_LocalScale: {x: 1, y: 1, z: 1}
  m_Children:
  - {fileID: 3662867960917791582}
  - {fileID: 7761782865531114399}
  - {fileID: 4134151698533068571}
  - {fileID: 332150267514316361}
  - {fileID: 3765191556841294549}
  - {fileID: 6681084667496425133}
  - {fileID: 678275558079308943}
  - {fileID: 6322873525155967091}
  - {fileID: 946066822242366059}
  - {fileID: 7027476303783067729}
  - {fileID: 1635988643971196789}
  - {fileID: 2150949208376470849}
  - {fileID: 7569803295123660024}
  - {fileID: 1091357855244935115}
  - {fileID: 1569755561538209316}
  - {fileID: 7352967668105023891}
  - {fileID: 3390394162591725459}
  - {fileID: 8744085255271114032}
  m_Father: {fileID: 0}
  m_RootOrder: 0
  m_LocalEulerAnglesHint: {x: 0, y: 0, z: 0}
--- !u!1001 &458200287463007861
PrefabInstance:
  m_ObjectHideFlags: 0
  serializedVersion: 2
  m_Modification:
    m_TransformParent: {fileID: 7063902327991218397}
    m_Modifications:
    - target: {fileID: 1410540266390757457, guid: b56efdfa7475d474b8e33c72ca91a0af, type: 3}
      propertyPath: m_LocalPosition.x
      value: -0.207
      objectReference: {fileID: 0}
    - target: {fileID: 1410540266390757457, guid: b56efdfa7475d474b8e33c72ca91a0af, type: 3}
      propertyPath: m_LocalPosition.y
      value: -0.124
      objectReference: {fileID: 0}
    - target: {fileID: 1410540266390757457, guid: b56efdfa7475d474b8e33c72ca91a0af, type: 3}
      propertyPath: m_LocalPosition.z
      value: 0.48761892
      objectReference: {fileID: 0}
    - target: {fileID: 1410540266390757457, guid: b56efdfa7475d474b8e33c72ca91a0af, type: 3}
      propertyPath: m_LocalRotation.x
      value: -0
      objectReference: {fileID: 0}
    - target: {fileID: 1410540266390757457, guid: b56efdfa7475d474b8e33c72ca91a0af, type: 3}
      propertyPath: m_LocalRotation.y
      value: -0
      objectReference: {fileID: 0}
    - target: {fileID: 1410540266390757457, guid: b56efdfa7475d474b8e33c72ca91a0af, type: 3}
      propertyPath: m_LocalRotation.z
      value: -0
      objectReference: {fileID: 0}
    - target: {fileID: 1410540266390757457, guid: b56efdfa7475d474b8e33c72ca91a0af, type: 3}
      propertyPath: m_LocalRotation.w
      value: 1
      objectReference: {fileID: 0}
    - target: {fileID: 1410540266390757457, guid: b56efdfa7475d474b8e33c72ca91a0af, type: 3}
      propertyPath: m_RootOrder
      value: 14
      objectReference: {fileID: 0}
    - target: {fileID: 1410540266390757457, guid: b56efdfa7475d474b8e33c72ca91a0af, type: 3}
      propertyPath: m_LocalEulerAnglesHint.x
      value: 0
      objectReference: {fileID: 0}
    - target: {fileID: 1410540266390757457, guid: b56efdfa7475d474b8e33c72ca91a0af, type: 3}
      propertyPath: m_LocalEulerAnglesHint.y
      value: 0
      objectReference: {fileID: 0}
    - target: {fileID: 1410540266390757457, guid: b56efdfa7475d474b8e33c72ca91a0af, type: 3}
      propertyPath: m_LocalEulerAnglesHint.z
      value: 0
      objectReference: {fileID: 0}
    - target: {fileID: 1410540266390757457, guid: b56efdfa7475d474b8e33c72ca91a0af, type: 3}
      propertyPath: m_LocalScale.y
      value: 0.061932847
      objectReference: {fileID: 0}
    - target: {fileID: 1410540266390757457, guid: b56efdfa7475d474b8e33c72ca91a0af, type: 3}
      propertyPath: m_LocalScale.x
      value: 0.047960173
      objectReference: {fileID: 0}
    - target: {fileID: 1410540266390757457, guid: b56efdfa7475d474b8e33c72ca91a0af, type: 3}
      propertyPath: m_LocalScale.z
      value: 0.031348273
      objectReference: {fileID: 0}
    - target: {fileID: 1790442855708981995, guid: b56efdfa7475d474b8e33c72ca91a0af, type: 3}
      propertyPath: m_Name
      value: kids scissors (4)
      objectReference: {fileID: 0}
    m_RemovedComponents: []
  m_SourcePrefab: {fileID: 100100000, guid: b56efdfa7475d474b8e33c72ca91a0af, type: 3}
--- !u!4 &1569755561538209316 stripped
Transform:
  m_CorrespondingSourceObject: {fileID: 1410540266390757457, guid: b56efdfa7475d474b8e33c72ca91a0af, type: 3}
  m_PrefabInstance: {fileID: 458200287463007861}
  m_PrefabAsset: {fileID: 0}
--- !u!1001 &2068971688698052506
PrefabInstance:
  m_ObjectHideFlags: 0
  serializedVersion: 2
  m_Modification:
    m_TransformParent: {fileID: 7063902327991218397}
    m_Modifications:
    - target: {fileID: 1410540266390757457, guid: b56efdfa7475d474b8e33c72ca91a0af, type: 3}
      propertyPath: m_LocalPosition.x
      value: -0.09200001
      objectReference: {fileID: 0}
    - target: {fileID: 1410540266390757457, guid: b56efdfa7475d474b8e33c72ca91a0af, type: 3}
      propertyPath: m_LocalPosition.y
      value: -0.12400001
      objectReference: {fileID: 0}
    - target: {fileID: 1410540266390757457, guid: b56efdfa7475d474b8e33c72ca91a0af, type: 3}
      propertyPath: m_LocalPosition.z
      value: 0.48761892
      objectReference: {fileID: 0}
    - target: {fileID: 1410540266390757457, guid: b56efdfa7475d474b8e33c72ca91a0af, type: 3}
      propertyPath: m_LocalRotation.x
      value: -0
      objectReference: {fileID: 0}
    - target: {fileID: 1410540266390757457, guid: b56efdfa7475d474b8e33c72ca91a0af, type: 3}
      propertyPath: m_LocalRotation.y
      value: -0
      objectReference: {fileID: 0}
    - target: {fileID: 1410540266390757457, guid: b56efdfa7475d474b8e33c72ca91a0af, type: 3}
      propertyPath: m_LocalRotation.z
      value: -0
      objectReference: {fileID: 0}
    - target: {fileID: 1410540266390757457, guid: b56efdfa7475d474b8e33c72ca91a0af, type: 3}
      propertyPath: m_LocalRotation.w
      value: 1
      objectReference: {fileID: 0}
    - target: {fileID: 1410540266390757457, guid: b56efdfa7475d474b8e33c72ca91a0af, type: 3}
      propertyPath: m_RootOrder
      value: 13
      objectReference: {fileID: 0}
    - target: {fileID: 1410540266390757457, guid: b56efdfa7475d474b8e33c72ca91a0af, type: 3}
      propertyPath: m_LocalEulerAnglesHint.x
      value: 0
      objectReference: {fileID: 0}
    - target: {fileID: 1410540266390757457, guid: b56efdfa7475d474b8e33c72ca91a0af, type: 3}
      propertyPath: m_LocalEulerAnglesHint.y
      value: 0
      objectReference: {fileID: 0}
    - target: {fileID: 1410540266390757457, guid: b56efdfa7475d474b8e33c72ca91a0af, type: 3}
      propertyPath: m_LocalEulerAnglesHint.z
      value: 0
      objectReference: {fileID: 0}
    - target: {fileID: 1410540266390757457, guid: b56efdfa7475d474b8e33c72ca91a0af, type: 3}
      propertyPath: m_LocalScale.y
      value: 0.061932847
      objectReference: {fileID: 0}
    - target: {fileID: 1410540266390757457, guid: b56efdfa7475d474b8e33c72ca91a0af, type: 3}
      propertyPath: m_LocalScale.x
      value: 0.047960173
      objectReference: {fileID: 0}
    - target: {fileID: 1410540266390757457, guid: b56efdfa7475d474b8e33c72ca91a0af, type: 3}
      propertyPath: m_LocalScale.z
      value: 0.031348273
      objectReference: {fileID: 0}
    - target: {fileID: 1790442855708981995, guid: b56efdfa7475d474b8e33c72ca91a0af, type: 3}
      propertyPath: m_Name
      value: kids scissors (3)
      objectReference: {fileID: 0}
    m_RemovedComponents: []
  m_SourcePrefab: {fileID: 100100000, guid: b56efdfa7475d474b8e33c72ca91a0af, type: 3}
--- !u!4 &1091357855244935115 stripped
Transform:
  m_CorrespondingSourceObject: {fileID: 1410540266390757457, guid: b56efdfa7475d474b8e33c72ca91a0af, type: 3}
  m_PrefabInstance: {fileID: 2068971688698052506}
  m_PrefabAsset: {fileID: 0}
--- !u!1001 &2211870109231927866
PrefabInstance:
  m_ObjectHideFlags: 0
  serializedVersion: 2
  m_Modification:
    m_TransformParent: {fileID: 7063902327991218397}
    m_Modifications:
    - target: {fileID: 1410540266390757457, guid: b56efdfa7475d474b8e33c72ca91a0af, type: 3}
      propertyPath: m_LocalPosition.x
      value: -0.31799984
      objectReference: {fileID: 0}
    - target: {fileID: 1410540266390757457, guid: b56efdfa7475d474b8e33c72ca91a0af, type: 3}
      propertyPath: m_LocalPosition.y
      value: 0.027999997
      objectReference: {fileID: 0}
    - target: {fileID: 1410540266390757457, guid: b56efdfa7475d474b8e33c72ca91a0af, type: 3}
      propertyPath: m_LocalPosition.z
      value: 0.48761892
      objectReference: {fileID: 0}
    - target: {fileID: 1410540266390757457, guid: b56efdfa7475d474b8e33c72ca91a0af, type: 3}
      propertyPath: m_LocalRotation.x
      value: -0
      objectReference: {fileID: 0}
    - target: {fileID: 1410540266390757457, guid: b56efdfa7475d474b8e33c72ca91a0af, type: 3}
      propertyPath: m_LocalRotation.y
      value: -0
      objectReference: {fileID: 0}
    - target: {fileID: 1410540266390757457, guid: b56efdfa7475d474b8e33c72ca91a0af, type: 3}
      propertyPath: m_LocalRotation.z
      value: -0
      objectReference: {fileID: 0}
    - target: {fileID: 1410540266390757457, guid: b56efdfa7475d474b8e33c72ca91a0af, type: 3}
      propertyPath: m_LocalRotation.w
      value: 1
      objectReference: {fileID: 0}
    - target: {fileID: 1410540266390757457, guid: b56efdfa7475d474b8e33c72ca91a0af, type: 3}
      propertyPath: m_RootOrder
      value: 8
      objectReference: {fileID: 0}
    - target: {fileID: 1410540266390757457, guid: b56efdfa7475d474b8e33c72ca91a0af, type: 3}
      propertyPath: m_LocalEulerAnglesHint.x
      value: 0
      objectReference: {fileID: 0}
    - target: {fileID: 1410540266390757457, guid: b56efdfa7475d474b8e33c72ca91a0af, type: 3}
      propertyPath: m_LocalEulerAnglesHint.y
      value: 0
      objectReference: {fileID: 0}
    - target: {fileID: 1410540266390757457, guid: b56efdfa7475d474b8e33c72ca91a0af, type: 3}
      propertyPath: m_LocalEulerAnglesHint.z
      value: 0
      objectReference: {fileID: 0}
    - target: {fileID: 1410540266390757457, guid: b56efdfa7475d474b8e33c72ca91a0af, type: 3}
      propertyPath: m_LocalScale.y
      value: 0.061932847
      objectReference: {fileID: 0}
    - target: {fileID: 1410540266390757457, guid: b56efdfa7475d474b8e33c72ca91a0af, type: 3}
      propertyPath: m_LocalScale.x
      value: 0.047960173
      objectReference: {fileID: 0}
    - target: {fileID: 1410540266390757457, guid: b56efdfa7475d474b8e33c72ca91a0af, type: 3}
      propertyPath: m_LocalScale.z
      value: 0.031348273
      objectReference: {fileID: 0}
    - target: {fileID: 1790442855708981995, guid: b56efdfa7475d474b8e33c72ca91a0af, type: 3}
      propertyPath: m_Name
      value: kids scissors (2)
      objectReference: {fileID: 0}
    m_RemovedComponents: []
  m_SourcePrefab: {fileID: 100100000, guid: b56efdfa7475d474b8e33c72ca91a0af, type: 3}
--- !u!4 &946066822242366059 stripped
Transform:
  m_CorrespondingSourceObject: {fileID: 1410540266390757457, guid: b56efdfa7475d474b8e33c72ca91a0af, type: 3}
  m_PrefabInstance: {fileID: 2211870109231927866}
  m_PrefabAsset: {fileID: 0}
--- !u!1001 &2659698170530935552
PrefabInstance:
  m_ObjectHideFlags: 0
  serializedVersion: 2
  m_Modification:
    m_TransformParent: {fileID: 7063902327991218397}
    m_Modifications:
    - target: {fileID: 3278793573954390959, guid: e7a969cfb9444344b814b7e869c5fbe2, type: 3}
      propertyPath: m_Name
      value: Hammer_Prop Variant (2)
      objectReference: {fileID: 0}
    - target: {fileID: 3278793573954557839, guid: e7a969cfb9444344b814b7e869c5fbe2, type: 3}
      propertyPath: m_LocalPosition.x
      value: 0.29566383
      objectReference: {fileID: 0}
    - target: {fileID: 3278793573954557839, guid: e7a969cfb9444344b814b7e869c5fbe2, type: 3}
      propertyPath: m_LocalPosition.y
      value: -0.005
      objectReference: {fileID: 0}
    - target: {fileID: 3278793573954557839, guid: e7a969cfb9444344b814b7e869c5fbe2, type: 3}
      propertyPath: m_LocalPosition.z
      value: 0.486619
      objectReference: {fileID: 0}
    - target: {fileID: 3278793573954557839, guid: e7a969cfb9444344b814b7e869c5fbe2, type: 3}
      propertyPath: m_LocalRotation.x
      value: 0.70710784
      objectReference: {fileID: 0}
    - target: {fileID: 3278793573954557839, guid: e7a969cfb9444344b814b7e869c5fbe2, type: 3}
      propertyPath: m_LocalRotation.y
      value: 0.70710576
      objectReference: {fileID: 0}
    - target: {fileID: 3278793573954557839, guid: e7a969cfb9444344b814b7e869c5fbe2, type: 3}
      propertyPath: m_LocalRotation.z
      value: 0.0000020862658
      objectReference: {fileID: 0}
    - target: {fileID: 3278793573954557839, guid: e7a969cfb9444344b814b7e869c5fbe2, type: 3}
      propertyPath: m_LocalRotation.w
      value: 0.000002086272
      objectReference: {fileID: 0}
    - target: {fileID: 3278793573954557839, guid: e7a969cfb9444344b814b7e869c5fbe2, type: 3}
      propertyPath: m_RootOrder
      value: 6
      objectReference: {fileID: 0}
    - target: {fileID: 3278793573954557839, guid: e7a969cfb9444344b814b7e869c5fbe2, type: 3}
      propertyPath: m_LocalEulerAnglesHint.x
      value: 180
      objectReference: {fileID: 0}
    - target: {fileID: 3278793573954557839, guid: e7a969cfb9444344b814b7e869c5fbe2, type: 3}
      propertyPath: m_LocalEulerAnglesHint.y
      value: 0
      objectReference: {fileID: 0}
    - target: {fileID: 3278793573954557839, guid: e7a969cfb9444344b814b7e869c5fbe2, type: 3}
      propertyPath: m_LocalEulerAnglesHint.z
      value: -90
      objectReference: {fileID: 0}
    - target: {fileID: 3278793573954557839, guid: e7a969cfb9444344b814b7e869c5fbe2, type: 3}
      propertyPath: m_LocalScale.x
      value: 0.5330754
      objectReference: {fileID: 0}
    - target: {fileID: 3278793573954557839, guid: e7a969cfb9444344b814b7e869c5fbe2, type: 3}
      propertyPath: m_LocalScale.y
      value: 0.5330754
      objectReference: {fileID: 0}
    - target: {fileID: 3278793573954557839, guid: e7a969cfb9444344b814b7e869c5fbe2, type: 3}
      propertyPath: m_LocalScale.z
      value: 0.5330754
      objectReference: {fileID: 0}
    m_RemovedComponents: []
  m_SourcePrefab: {fileID: 100100000, guid: e7a969cfb9444344b814b7e869c5fbe2, type: 3}
--- !u!4 &678275558079308943 stripped
Transform:
  m_CorrespondingSourceObject: {fileID: 3278793573954557839, guid: e7a969cfb9444344b814b7e869c5fbe2, type: 3}
  m_PrefabInstance: {fileID: 2659698170530935552}
  m_PrefabAsset: {fileID: 0}
--- !u!1001 &2962407077665370566
PrefabInstance:
  m_ObjectHideFlags: 0
  serializedVersion: 2
  m_Modification:
    m_TransformParent: {fileID: 7063902327991218397}
    m_Modifications:
    - target: {fileID: 3278793573954390959, guid: e7a969cfb9444344b814b7e869c5fbe2, type: 3}
      propertyPath: m_Name
      value: Hammer_Prop Variant
      objectReference: {fileID: 0}
    - target: {fileID: 3278793573954557839, guid: e7a969cfb9444344b814b7e869c5fbe2, type: 3}
      propertyPath: m_LocalPosition.x
      value: 0.07666397
      objectReference: {fileID: 0}
    - target: {fileID: 3278793573954557839, guid: e7a969cfb9444344b814b7e869c5fbe2, type: 3}
      propertyPath: m_LocalPosition.y
      value: -0.0049622655
      objectReference: {fileID: 0}
    - target: {fileID: 3278793573954557839, guid: e7a969cfb9444344b814b7e869c5fbe2, type: 3}
      propertyPath: m_LocalPosition.z
      value: 0.486619
      objectReference: {fileID: 0}
    - target: {fileID: 3278793573954557839, guid: e7a969cfb9444344b814b7e869c5fbe2, type: 3}
      propertyPath: m_LocalRotation.x
      value: 0.70710784
      objectReference: {fileID: 0}
    - target: {fileID: 3278793573954557839, guid: e7a969cfb9444344b814b7e869c5fbe2, type: 3}
      propertyPath: m_LocalRotation.y
      value: 0.70710576
      objectReference: {fileID: 0}
    - target: {fileID: 3278793573954557839, guid: e7a969cfb9444344b814b7e869c5fbe2, type: 3}
      propertyPath: m_LocalRotation.z
      value: 0.0000020862658
      objectReference: {fileID: 0}
    - target: {fileID: 3278793573954557839, guid: e7a969cfb9444344b814b7e869c5fbe2, type: 3}
      propertyPath: m_LocalRotation.w
      value: 0.000002086272
      objectReference: {fileID: 0}
    - target: {fileID: 3278793573954557839, guid: e7a969cfb9444344b814b7e869c5fbe2, type: 3}
      propertyPath: m_RootOrder
      value: 3
      objectReference: {fileID: 0}
    - target: {fileID: 3278793573954557839, guid: e7a969cfb9444344b814b7e869c5fbe2, type: 3}
      propertyPath: m_LocalEulerAnglesHint.x
      value: 180
      objectReference: {fileID: 0}
    - target: {fileID: 3278793573954557839, guid: e7a969cfb9444344b814b7e869c5fbe2, type: 3}
      propertyPath: m_LocalEulerAnglesHint.y
      value: 0
      objectReference: {fileID: 0}
    - target: {fileID: 3278793573954557839, guid: e7a969cfb9444344b814b7e869c5fbe2, type: 3}
      propertyPath: m_LocalEulerAnglesHint.z
      value: -90
      objectReference: {fileID: 0}
    m_RemovedComponents: []
  m_SourcePrefab: {fileID: 100100000, guid: e7a969cfb9444344b814b7e869c5fbe2, type: 3}
--- !u!4 &332150267514316361 stripped
Transform:
  m_CorrespondingSourceObject: {fileID: 3278793573954557839, guid: e7a969cfb9444344b814b7e869c5fbe2, type: 3}
  m_PrefabInstance: {fileID: 2962407077665370566}
  m_PrefabAsset: {fileID: 0}
--- !u!1001 &2997325057034874186
PrefabInstance:
  m_ObjectHideFlags: 0
  serializedVersion: 2
  m_Modification:
    m_TransformParent: {fileID: 7063902327991218397}
    m_Modifications:
    - target: {fileID: 474490692524481241, guid: b6367c7ad9561bd44b3cd96f389d81e9, type: 3}
      propertyPath: m_LocalPosition.x
      value: -0.268
      objectReference: {fileID: 0}
    - target: {fileID: 474490692524481241, guid: b6367c7ad9561bd44b3cd96f389d81e9, type: 3}
      propertyPath: m_LocalPosition.y
      value: -0.345
      objectReference: {fileID: 0}
    - target: {fileID: 474490692524481241, guid: b6367c7ad9561bd44b3cd96f389d81e9, type: 3}
      propertyPath: m_LocalPosition.z
      value: 0.5501013
      objectReference: {fileID: 0}
    - target: {fileID: 474490692524481241, guid: b6367c7ad9561bd44b3cd96f389d81e9, type: 3}
      propertyPath: m_LocalRotation.x
      value: -0
      objectReference: {fileID: 0}
    - target: {fileID: 474490692524481241, guid: b6367c7ad9561bd44b3cd96f389d81e9, type: 3}
      propertyPath: m_LocalRotation.y
      value: 1
      objectReference: {fileID: 0}
    - target: {fileID: 474490692524481241, guid: b6367c7ad9561bd44b3cd96f389d81e9, type: 3}
      propertyPath: m_LocalRotation.z
      value: -0
      objectReference: {fileID: 0}
    - target: {fileID: 474490692524481241, guid: b6367c7ad9561bd44b3cd96f389d81e9, type: 3}
      propertyPath: m_LocalRotation.w
      value: 0.0000029504295
      objectReference: {fileID: 0}
    - target: {fileID: 474490692524481241, guid: b6367c7ad9561bd44b3cd96f389d81e9, type: 3}
      propertyPath: m_RootOrder
      value: 16
      objectReference: {fileID: 0}
    - target: {fileID: 474490692524481241, guid: b6367c7ad9561bd44b3cd96f389d81e9, type: 3}
      propertyPath: m_LocalEulerAnglesHint.x
      value: 0
      objectReference: {fileID: 0}
    - target: {fileID: 474490692524481241, guid: b6367c7ad9561bd44b3cd96f389d81e9, type: 3}
      propertyPath: m_LocalEulerAnglesHint.y
      value: 180
      objectReference: {fileID: 0}
    - target: {fileID: 474490692524481241, guid: b6367c7ad9561bd44b3cd96f389d81e9, type: 3}
      propertyPath: m_LocalEulerAnglesHint.z
      value: 0
      objectReference: {fileID: 0}
    - target: {fileID: 581361375701839166, guid: b6367c7ad9561bd44b3cd96f389d81e9, type: 3}
      propertyPath: m_Name
      value: Knife_Set (2)
      objectReference: {fileID: 0}
    m_RemovedComponents: []
  m_SourcePrefab: {fileID: 100100000, guid: b6367c7ad9561bd44b3cd96f389d81e9, type: 3}
--- !u!4 &3390394162591725459 stripped
Transform:
  m_CorrespondingSourceObject: {fileID: 474490692524481241, guid: b6367c7ad9561bd44b3cd96f389d81e9, type: 3}
  m_PrefabInstance: {fileID: 2997325057034874186}
  m_PrefabAsset: {fileID: 0}
--- !u!1001 &3083923368823426890
PrefabInstance:
  m_ObjectHideFlags: 0
  serializedVersion: 2
  m_Modification:
    m_TransformParent: {fileID: 7063902327991218397}
    m_Modifications:
    - target: {fileID: 1410540266390757457, guid: b56efdfa7475d474b8e33c72ca91a0af, type: 3}
      propertyPath: m_LocalPosition.x
      value: -0.09200001
      objectReference: {fileID: 0}
    - target: {fileID: 1410540266390757457, guid: b56efdfa7475d474b8e33c72ca91a0af, type: 3}
      propertyPath: m_LocalPosition.y
      value: 0.027999997
      objectReference: {fileID: 0}
    - target: {fileID: 1410540266390757457, guid: b56efdfa7475d474b8e33c72ca91a0af, type: 3}
      propertyPath: m_LocalPosition.z
      value: 0.48761892
      objectReference: {fileID: 0}
    - target: {fileID: 1410540266390757457, guid: b56efdfa7475d474b8e33c72ca91a0af, type: 3}
      propertyPath: m_LocalRotation.x
      value: -0
      objectReference: {fileID: 0}
    - target: {fileID: 1410540266390757457, guid: b56efdfa7475d474b8e33c72ca91a0af, type: 3}
      propertyPath: m_LocalRotation.y
      value: -0
      objectReference: {fileID: 0}
    - target: {fileID: 1410540266390757457, guid: b56efdfa7475d474b8e33c72ca91a0af, type: 3}
      propertyPath: m_LocalRotation.z
      value: -0
      objectReference: {fileID: 0}
    - target: {fileID: 1410540266390757457, guid: b56efdfa7475d474b8e33c72ca91a0af, type: 3}
      propertyPath: m_LocalRotation.w
      value: 1
      objectReference: {fileID: 0}
    - target: {fileID: 1410540266390757457, guid: b56efdfa7475d474b8e33c72ca91a0af, type: 3}
      propertyPath: m_RootOrder
      value: 2
      objectReference: {fileID: 0}
    - target: {fileID: 1410540266390757457, guid: b56efdfa7475d474b8e33c72ca91a0af, type: 3}
      propertyPath: m_LocalEulerAnglesHint.x
      value: 0
      objectReference: {fileID: 0}
    - target: {fileID: 1410540266390757457, guid: b56efdfa7475d474b8e33c72ca91a0af, type: 3}
      propertyPath: m_LocalEulerAnglesHint.y
      value: 0
      objectReference: {fileID: 0}
    - target: {fileID: 1410540266390757457, guid: b56efdfa7475d474b8e33c72ca91a0af, type: 3}
      propertyPath: m_LocalEulerAnglesHint.z
      value: 0
      objectReference: {fileID: 0}
    - target: {fileID: 1410540266390757457, guid: b56efdfa7475d474b8e33c72ca91a0af, type: 3}
      propertyPath: m_LocalScale.y
      value: 0.061932847
      objectReference: {fileID: 0}
    - target: {fileID: 1410540266390757457, guid: b56efdfa7475d474b8e33c72ca91a0af, type: 3}
      propertyPath: m_LocalScale.x
      value: 0.047960173
      objectReference: {fileID: 0}
    - target: {fileID: 1410540266390757457, guid: b56efdfa7475d474b8e33c72ca91a0af, type: 3}
      propertyPath: m_LocalScale.z
      value: 0.031348273
      objectReference: {fileID: 0}
    - target: {fileID: 1790442855708981995, guid: b56efdfa7475d474b8e33c72ca91a0af, type: 3}
      propertyPath: m_Name
      value: kids scissors
      objectReference: {fileID: 0}
    m_RemovedComponents: []
  m_SourcePrefab: {fileID: 100100000, guid: b56efdfa7475d474b8e33c72ca91a0af, type: 3}
--- !u!4 &4134151698533068571 stripped
Transform:
  m_CorrespondingSourceObject: {fileID: 1410540266390757457, guid: b56efdfa7475d474b8e33c72ca91a0af, type: 3}
  m_PrefabInstance: {fileID: 3083923368823426890}
  m_PrefabAsset: {fileID: 0}
--- !u!1001 &3634245514256020997
PrefabInstance:
  m_ObjectHideFlags: 0
  serializedVersion: 2
  m_Modification:
    m_TransformParent: {fileID: 7063902327991218397}
    m_Modifications:
    - target: {fileID: 2655817606433378672, guid: 3320afcd04b1e324a9ce3533eb3e462c, type: 3}
      propertyPath: m_LocalPosition.x
      value: -0.47298908
      objectReference: {fileID: 0}
    - target: {fileID: 2655817606433378672, guid: 3320afcd04b1e324a9ce3533eb3e462c, type: 3}
      propertyPath: m_LocalPosition.y
      value: 0.045000017
      objectReference: {fileID: 0}
    - target: {fileID: 2655817606433378672, guid: 3320afcd04b1e324a9ce3533eb3e462c, type: 3}
      propertyPath: m_LocalPosition.z
      value: 0.40261889
      objectReference: {fileID: 0}
    - target: {fileID: 2655817606433378672, guid: 3320afcd04b1e324a9ce3533eb3e462c, type: 3}
      propertyPath: m_LocalRotation.x
      value: -0.00000019060886
      objectReference: {fileID: 0}
    - target: {fileID: 2655817606433378672, guid: 3320afcd04b1e324a9ce3533eb3e462c, type: 3}
      propertyPath: m_LocalRotation.y
      value: -0.99144495
      objectReference: {fileID: 0}
    - target: {fileID: 2655817606433378672, guid: 3320afcd04b1e324a9ce3533eb3e462c, type: 3}
      propertyPath: m_LocalRotation.z
      value: 0.13052596
      objectReference: {fileID: 0}
    - target: {fileID: 2655817606433378672, guid: 3320afcd04b1e324a9ce3533eb3e462c, type: 3}
      propertyPath: m_LocalRotation.w
      value: 0.0000014478208
      objectReference: {fileID: 0}
    - target: {fileID: 2655817606433378672, guid: 3320afcd04b1e324a9ce3533eb3e462c, type: 3}
      propertyPath: m_RootOrder
      value: 10
      objectReference: {fileID: 0}
    - target: {fileID: 2655817606433378672, guid: 3320afcd04b1e324a9ce3533eb3e462c, type: 3}
      propertyPath: m_LocalEulerAnglesHint.x
      value: 15
      objectReference: {fileID: 0}
    - target: {fileID: 2655817606433378672, guid: 3320afcd04b1e324a9ce3533eb3e462c, type: 3}
      propertyPath: m_LocalEulerAnglesHint.y
      value: -180
      objectReference: {fileID: 0}
    - target: {fileID: 2655817606433378672, guid: 3320afcd04b1e324a9ce3533eb3e462c, type: 3}
      propertyPath: m_LocalEulerAnglesHint.z
      value: 0
      objectReference: {fileID: 0}
    - target: {fileID: 3427393961575107530, guid: 3320afcd04b1e324a9ce3533eb3e462c, type: 3}
      propertyPath: m_Name
      value: GasMask (1)
      objectReference: {fileID: 0}
    m_RemovedComponents: []
  m_SourcePrefab: {fileID: 100100000, guid: 3320afcd04b1e324a9ce3533eb3e462c, type: 3}
--- !u!4 &1635988643971196789 stripped
Transform:
  m_CorrespondingSourceObject: {fileID: 2655817606433378672, guid: 3320afcd04b1e324a9ce3533eb3e462c, type: 3}
  m_PrefabInstance: {fileID: 3634245514256020997}
  m_PrefabAsset: {fileID: 0}
--- !u!1001 &3662867960855646220
PrefabInstance:
  m_ObjectHideFlags: 0
  serializedVersion: 2
  m_Modification:
    m_TransformParent: {fileID: 7063902327991218397}
    m_Modifications:
    - target: {fileID: 474490692524481241, guid: b6367c7ad9561bd44b3cd96f389d81e9, type: 3}
      propertyPath: m_LocalPosition.x
      value: 0.443
      objectReference: {fileID: 0}
    - target: {fileID: 474490692524481241, guid: b6367c7ad9561bd44b3cd96f389d81e9, type: 3}
      propertyPath: m_LocalPosition.y
      value: -0.347
      objectReference: {fileID: 0}
    - target: {fileID: 474490692524481241, guid: b6367c7ad9561bd44b3cd96f389d81e9, type: 3}
      propertyPath: m_LocalPosition.z
      value: 0.4262762
      objectReference: {fileID: 0}
    - target: {fileID: 474490692524481241, guid: b6367c7ad9561bd44b3cd96f389d81e9, type: 3}
      propertyPath: m_LocalRotation.x
      value: -0
      objectReference: {fileID: 0}
    - target: {fileID: 474490692524481241, guid: b6367c7ad9561bd44b3cd96f389d81e9, type: 3}
      propertyPath: m_LocalRotation.y
      value: -0
      objectReference: {fileID: 0}
    - target: {fileID: 474490692524481241, guid: b6367c7ad9561bd44b3cd96f389d81e9, type: 3}
      propertyPath: m_LocalRotation.z
      value: -0
      objectReference: {fileID: 0}
    - target: {fileID: 474490692524481241, guid: b6367c7ad9561bd44b3cd96f389d81e9, type: 3}
      propertyPath: m_LocalRotation.w
      value: 1
      objectReference: {fileID: 0}
    - target: {fileID: 474490692524481241, guid: b6367c7ad9561bd44b3cd96f389d81e9, type: 3}
      propertyPath: m_RootOrder
      value: 4
      objectReference: {fileID: 0}
    - target: {fileID: 474490692524481241, guid: b6367c7ad9561bd44b3cd96f389d81e9, type: 3}
      propertyPath: m_LocalEulerAnglesHint.x
      value: 0
      objectReference: {fileID: 0}
    - target: {fileID: 474490692524481241, guid: b6367c7ad9561bd44b3cd96f389d81e9, type: 3}
      propertyPath: m_LocalEulerAnglesHint.y
      value: 0
      objectReference: {fileID: 0}
    - target: {fileID: 474490692524481241, guid: b6367c7ad9561bd44b3cd96f389d81e9, type: 3}
      propertyPath: m_LocalEulerAnglesHint.z
      value: 0
      objectReference: {fileID: 0}
    - target: {fileID: 581361375701839166, guid: b6367c7ad9561bd44b3cd96f389d81e9, type: 3}
      propertyPath: m_Name
      value: Knife_Set
      objectReference: {fileID: 0}
    m_RemovedComponents: []
  m_SourcePrefab: {fileID: 100100000, guid: b6367c7ad9561bd44b3cd96f389d81e9, type: 3}
--- !u!4 &3765191556841294549 stripped
Transform:
  m_CorrespondingSourceObject: {fileID: 474490692524481241, guid: b6367c7ad9561bd44b3cd96f389d81e9, type: 3}
  m_PrefabInstance: {fileID: 3662867960855646220}
  m_PrefabAsset: {fileID: 0}
--- !u!1001 &4108101867955780657
PrefabInstance:
  m_ObjectHideFlags: 0
  serializedVersion: 2
  m_Modification:
    m_TransformParent: {fileID: 7063902327991218397}
    m_Modifications:
    - target: {fileID: 2655817606433378672, guid: 3320afcd04b1e324a9ce3533eb3e462c, type: 3}
      propertyPath: m_LocalPosition.x
      value: -0.7229891
      objectReference: {fileID: 0}
    - target: {fileID: 2655817606433378672, guid: 3320afcd04b1e324a9ce3533eb3e462c, type: 3}
      propertyPath: m_LocalPosition.y
      value: -0.20499998
      objectReference: {fileID: 0}
    - target: {fileID: 2655817606433378672, guid: 3320afcd04b1e324a9ce3533eb3e462c, type: 3}
      propertyPath: m_LocalPosition.z
      value: 0.40261889
      objectReference: {fileID: 0}
    - target: {fileID: 2655817606433378672, guid: 3320afcd04b1e324a9ce3533eb3e462c, type: 3}
      propertyPath: m_LocalRotation.x
      value: -0.00000019060886
      objectReference: {fileID: 0}
    - target: {fileID: 2655817606433378672, guid: 3320afcd04b1e324a9ce3533eb3e462c, type: 3}
      propertyPath: m_LocalRotation.y
      value: -0.99144495
      objectReference: {fileID: 0}
    - target: {fileID: 2655817606433378672, guid: 3320afcd04b1e324a9ce3533eb3e462c, type: 3}
      propertyPath: m_LocalRotation.z
      value: 0.13052596
      objectReference: {fileID: 0}
    - target: {fileID: 2655817606433378672, guid: 3320afcd04b1e324a9ce3533eb3e462c, type: 3}
      propertyPath: m_LocalRotation.w
      value: 0.0000014478208
      objectReference: {fileID: 0}
    - target: {fileID: 2655817606433378672, guid: 3320afcd04b1e324a9ce3533eb3e462c, type: 3}
      propertyPath: m_RootOrder
      value: 11
      objectReference: {fileID: 0}
    - target: {fileID: 2655817606433378672, guid: 3320afcd04b1e324a9ce3533eb3e462c, type: 3}
      propertyPath: m_LocalEulerAnglesHint.x
      value: 15
      objectReference: {fileID: 0}
    - target: {fileID: 2655817606433378672, guid: 3320afcd04b1e324a9ce3533eb3e462c, type: 3}
      propertyPath: m_LocalEulerAnglesHint.y
      value: -180
      objectReference: {fileID: 0}
    - target: {fileID: 2655817606433378672, guid: 3320afcd04b1e324a9ce3533eb3e462c, type: 3}
      propertyPath: m_LocalEulerAnglesHint.z
      value: 0
      objectReference: {fileID: 0}
    - target: {fileID: 3427393961575107530, guid: 3320afcd04b1e324a9ce3533eb3e462c, type: 3}
      propertyPath: m_Name
      value: GasMask (2)
      objectReference: {fileID: 0}
    m_RemovedComponents: []
  m_SourcePrefab: {fileID: 100100000, guid: 3320afcd04b1e324a9ce3533eb3e462c, type: 3}
--- !u!4 &2150949208376470849 stripped
Transform:
  m_CorrespondingSourceObject: {fileID: 2655817606433378672, guid: 3320afcd04b1e324a9ce3533eb3e462c, type: 3}
  m_PrefabInstance: {fileID: 4108101867955780657}
  m_PrefabAsset: {fileID: 0}
--- !u!1001 &4912412475313328162
PrefabInstance:
  m_ObjectHideFlags: 0
  serializedVersion: 2
  m_Modification:
    m_TransformParent: {fileID: 7063902327991218397}
    m_Modifications:
    - target: {fileID: 1410540266390757457, guid: b56efdfa7475d474b8e33c72ca91a0af, type: 3}
      propertyPath: m_LocalPosition.x
      value: -0.207
      objectReference: {fileID: 0}
    - target: {fileID: 1410540266390757457, guid: b56efdfa7475d474b8e33c72ca91a0af, type: 3}
      propertyPath: m_LocalPosition.y
      value: 0.028
      objectReference: {fileID: 0}
    - target: {fileID: 1410540266390757457, guid: b56efdfa7475d474b8e33c72ca91a0af, type: 3}
      propertyPath: m_LocalPosition.z
      value: 0.48761892
      objectReference: {fileID: 0}
    - target: {fileID: 1410540266390757457, guid: b56efdfa7475d474b8e33c72ca91a0af, type: 3}
      propertyPath: m_LocalRotation.x
      value: -0
      objectReference: {fileID: 0}
    - target: {fileID: 1410540266390757457, guid: b56efdfa7475d474b8e33c72ca91a0af, type: 3}
      propertyPath: m_LocalRotation.y
      value: -0
      objectReference: {fileID: 0}
    - target: {fileID: 1410540266390757457, guid: b56efdfa7475d474b8e33c72ca91a0af, type: 3}
      propertyPath: m_LocalRotation.z
      value: -0
      objectReference: {fileID: 0}
    - target: {fileID: 1410540266390757457, guid: b56efdfa7475d474b8e33c72ca91a0af, type: 3}
      propertyPath: m_LocalRotation.w
      value: 1
      objectReference: {fileID: 0}
    - target: {fileID: 1410540266390757457, guid: b56efdfa7475d474b8e33c72ca91a0af, type: 3}
      propertyPath: m_RootOrder
      value: 7
      objectReference: {fileID: 0}
    - target: {fileID: 1410540266390757457, guid: b56efdfa7475d474b8e33c72ca91a0af, type: 3}
      propertyPath: m_LocalEulerAnglesHint.x
      value: 0
      objectReference: {fileID: 0}
    - target: {fileID: 1410540266390757457, guid: b56efdfa7475d474b8e33c72ca91a0af, type: 3}
      propertyPath: m_LocalEulerAnglesHint.y
      value: 0
      objectReference: {fileID: 0}
    - target: {fileID: 1410540266390757457, guid: b56efdfa7475d474b8e33c72ca91a0af, type: 3}
      propertyPath: m_LocalEulerAnglesHint.z
      value: 0
      objectReference: {fileID: 0}
    - target: {fileID: 1410540266390757457, guid: b56efdfa7475d474b8e33c72ca91a0af, type: 3}
      propertyPath: m_LocalScale.y
      value: 0.061932847
      objectReference: {fileID: 0}
    - target: {fileID: 1410540266390757457, guid: b56efdfa7475d474b8e33c72ca91a0af, type: 3}
      propertyPath: m_LocalScale.x
      value: 0.047960173
      objectReference: {fileID: 0}
    - target: {fileID: 1410540266390757457, guid: b56efdfa7475d474b8e33c72ca91a0af, type: 3}
      propertyPath: m_LocalScale.z
      value: 0.031348273
      objectReference: {fileID: 0}
    - target: {fileID: 1790442855708981995, guid: b56efdfa7475d474b8e33c72ca91a0af, type: 3}
      propertyPath: m_Name
      value: kids scissors (1)
      objectReference: {fileID: 0}
    m_RemovedComponents: []
  m_SourcePrefab: {fileID: 100100000, guid: b56efdfa7475d474b8e33c72ca91a0af, type: 3}
--- !u!4 &6322873525155967091 stripped
Transform:
  m_CorrespondingSourceObject: {fileID: 1410540266390757457, guid: b56efdfa7475d474b8e33c72ca91a0af, type: 3}
  m_PrefabInstance: {fileID: 4912412475313328162}
  m_PrefabAsset: {fileID: 0}
--- !u!1001 &5608683542274755976
PrefabInstance:
  m_ObjectHideFlags: 0
  serializedVersion: 2
  m_Modification:
    m_TransformParent: {fileID: 7063902327991218397}
    m_Modifications:
    - target: {fileID: 2655817606433378672, guid: 3320afcd04b1e324a9ce3533eb3e462c, type: 3}
      propertyPath: m_LocalPosition.x
      value: -0.47298908
      objectReference: {fileID: 0}
    - target: {fileID: 2655817606433378672, guid: 3320afcd04b1e324a9ce3533eb3e462c, type: 3}
      propertyPath: m_LocalPosition.y
      value: -0.20499998
      objectReference: {fileID: 0}
    - target: {fileID: 2655817606433378672, guid: 3320afcd04b1e324a9ce3533eb3e462c, type: 3}
      propertyPath: m_LocalPosition.z
      value: 0.40261889
      objectReference: {fileID: 0}
    - target: {fileID: 2655817606433378672, guid: 3320afcd04b1e324a9ce3533eb3e462c, type: 3}
      propertyPath: m_LocalRotation.x
      value: -0.00000019060886
      objectReference: {fileID: 0}
    - target: {fileID: 2655817606433378672, guid: 3320afcd04b1e324a9ce3533eb3e462c, type: 3}
      propertyPath: m_LocalRotation.y
      value: -0.99144495
      objectReference: {fileID: 0}
    - target: {fileID: 2655817606433378672, guid: 3320afcd04b1e324a9ce3533eb3e462c, type: 3}
      propertyPath: m_LocalRotation.z
      value: 0.13052596
      objectReference: {fileID: 0}
    - target: {fileID: 2655817606433378672, guid: 3320afcd04b1e324a9ce3533eb3e462c, type: 3}
      propertyPath: m_LocalRotation.w
      value: 0.0000014478208
      objectReference: {fileID: 0}
    - target: {fileID: 2655817606433378672, guid: 3320afcd04b1e324a9ce3533eb3e462c, type: 3}
      propertyPath: m_RootOrder
      value: 12
      objectReference: {fileID: 0}
    - target: {fileID: 2655817606433378672, guid: 3320afcd04b1e324a9ce3533eb3e462c, type: 3}
      propertyPath: m_LocalEulerAnglesHint.x
      value: 15
      objectReference: {fileID: 0}
    - target: {fileID: 2655817606433378672, guid: 3320afcd04b1e324a9ce3533eb3e462c, type: 3}
      propertyPath: m_LocalEulerAnglesHint.y
      value: -180
      objectReference: {fileID: 0}
    - target: {fileID: 2655817606433378672, guid: 3320afcd04b1e324a9ce3533eb3e462c, type: 3}
      propertyPath: m_LocalEulerAnglesHint.z
      value: 0
      objectReference: {fileID: 0}
    - target: {fileID: 3427393961575107530, guid: 3320afcd04b1e324a9ce3533eb3e462c, type: 3}
      propertyPath: m_Name
      value: GasMask (3)
      objectReference: {fileID: 0}
    m_RemovedComponents: []
  m_SourcePrefab: {fileID: 100100000, guid: 3320afcd04b1e324a9ce3533eb3e462c, type: 3}
--- !u!4 &7569803295123660024 stripped
Transform:
  m_CorrespondingSourceObject: {fileID: 2655817606433378672, guid: 3320afcd04b1e324a9ce3533eb3e462c, type: 3}
  m_PrefabInstance: {fileID: 5608683542274755976}
  m_PrefabAsset: {fileID: 0}
--- !u!1001 &5723011274800005871
PrefabInstance:
  m_ObjectHideFlags: 0
  serializedVersion: 2
  m_Modification:
    m_TransformParent: {fileID: 7063902327991218397}
    m_Modifications:
    - target: {fileID: 2655817606433378672, guid: 3320afcd04b1e324a9ce3533eb3e462c, type: 3}
      propertyPath: m_LocalPosition.x
      value: -0.7229891
      objectReference: {fileID: 0}
    - target: {fileID: 2655817606433378672, guid: 3320afcd04b1e324a9ce3533eb3e462c, type: 3}
      propertyPath: m_LocalPosition.y
      value: 0.045000017
      objectReference: {fileID: 0}
    - target: {fileID: 2655817606433378672, guid: 3320afcd04b1e324a9ce3533eb3e462c, type: 3}
      propertyPath: m_LocalPosition.z
      value: 0.40261889
      objectReference: {fileID: 0}
    - target: {fileID: 2655817606433378672, guid: 3320afcd04b1e324a9ce3533eb3e462c, type: 3}
      propertyPath: m_LocalRotation.x
      value: -0.00000019060886
      objectReference: {fileID: 0}
    - target: {fileID: 2655817606433378672, guid: 3320afcd04b1e324a9ce3533eb3e462c, type: 3}
      propertyPath: m_LocalRotation.y
      value: -0.99144495
      objectReference: {fileID: 0}
    - target: {fileID: 2655817606433378672, guid: 3320afcd04b1e324a9ce3533eb3e462c, type: 3}
      propertyPath: m_LocalRotation.z
      value: 0.13052596
      objectReference: {fileID: 0}
    - target: {fileID: 2655817606433378672, guid: 3320afcd04b1e324a9ce3533eb3e462c, type: 3}
      propertyPath: m_LocalRotation.w
      value: 0.0000014478208
      objectReference: {fileID: 0}
    - target: {fileID: 2655817606433378672, guid: 3320afcd04b1e324a9ce3533eb3e462c, type: 3}
      propertyPath: m_RootOrder
      value: 1
      objectReference: {fileID: 0}
    - target: {fileID: 2655817606433378672, guid: 3320afcd04b1e324a9ce3533eb3e462c, type: 3}
      propertyPath: m_LocalEulerAnglesHint.x
      value: 15
      objectReference: {fileID: 0}
    - target: {fileID: 2655817606433378672, guid: 3320afcd04b1e324a9ce3533eb3e462c, type: 3}
      propertyPath: m_LocalEulerAnglesHint.y
      value: -180
      objectReference: {fileID: 0}
    - target: {fileID: 2655817606433378672, guid: 3320afcd04b1e324a9ce3533eb3e462c, type: 3}
      propertyPath: m_LocalEulerAnglesHint.z
      value: 0
      objectReference: {fileID: 0}
    - target: {fileID: 3427393961575107530, guid: 3320afcd04b1e324a9ce3533eb3e462c, type: 3}
      propertyPath: m_Name
      value: GasMask
      objectReference: {fileID: 0}
    m_RemovedComponents: []
  m_SourcePrefab: {fileID: 100100000, guid: 3320afcd04b1e324a9ce3533eb3e462c, type: 3}
--- !u!4 &7761782865531114399 stripped
Transform:
  m_CorrespondingSourceObject: {fileID: 2655817606433378672, guid: 3320afcd04b1e324a9ce3533eb3e462c, type: 3}
  m_PrefabInstance: {fileID: 5723011274800005871}
  m_PrefabAsset: {fileID: 0}
--- !u!1001 &7427322757673753224
PrefabInstance:
  m_ObjectHideFlags: 0
  serializedVersion: 2
  m_Modification:
    m_TransformParent: {fileID: 7063902327991218397}
    m_Modifications:
    - target: {fileID: 474490692524481241, guid: b6367c7ad9561bd44b3cd96f389d81e9, type: 3}
      propertyPath: m_LocalPosition.x
      value: 0.24300003
      objectReference: {fileID: 0}
    - target: {fileID: 474490692524481241, guid: b6367c7ad9561bd44b3cd96f389d81e9, type: 3}
      propertyPath: m_LocalPosition.y
      value: -0.347
      objectReference: {fileID: 0}
    - target: {fileID: 474490692524481241, guid: b6367c7ad9561bd44b3cd96f389d81e9, type: 3}
      propertyPath: m_LocalPosition.z
      value: 0.5501013
      objectReference: {fileID: 0}
    - target: {fileID: 474490692524481241, guid: b6367c7ad9561bd44b3cd96f389d81e9, type: 3}
      propertyPath: m_LocalRotation.x
      value: -0
      objectReference: {fileID: 0}
    - target: {fileID: 474490692524481241, guid: b6367c7ad9561bd44b3cd96f389d81e9, type: 3}
      propertyPath: m_LocalRotation.y
      value: 1
      objectReference: {fileID: 0}
    - target: {fileID: 474490692524481241, guid: b6367c7ad9561bd44b3cd96f389d81e9, type: 3}
      propertyPath: m_LocalRotation.z
      value: -0
      objectReference: {fileID: 0}
    - target: {fileID: 474490692524481241, guid: b6367c7ad9561bd44b3cd96f389d81e9, type: 3}
      propertyPath: m_LocalRotation.w
      value: 0.0000029504295
      objectReference: {fileID: 0}
    - target: {fileID: 474490692524481241, guid: b6367c7ad9561bd44b3cd96f389d81e9, type: 3}
      propertyPath: m_RootOrder
      value: 9
      objectReference: {fileID: 0}
    - target: {fileID: 474490692524481241, guid: b6367c7ad9561bd44b3cd96f389d81e9, type: 3}
      propertyPath: m_LocalEulerAnglesHint.x
      value: 0
      objectReference: {fileID: 0}
    - target: {fileID: 474490692524481241, guid: b6367c7ad9561bd44b3cd96f389d81e9, type: 3}
      propertyPath: m_LocalEulerAnglesHint.y
      value: 180
      objectReference: {fileID: 0}
    - target: {fileID: 474490692524481241, guid: b6367c7ad9561bd44b3cd96f389d81e9, type: 3}
      propertyPath: m_LocalEulerAnglesHint.z
      value: 0
      objectReference: {fileID: 0}
    - target: {fileID: 581361375701839166, guid: b6367c7ad9561bd44b3cd96f389d81e9, type: 3}
      propertyPath: m_Name
      value: Knife_Set (1)
      objectReference: {fileID: 0}
    m_RemovedComponents: []
  m_SourcePrefab: {fileID: 100100000, guid: b6367c7ad9561bd44b3cd96f389d81e9, type: 3}
--- !u!4 &7027476303783067729 stripped
Transform:
  m_CorrespondingSourceObject: {fileID: 474490692524481241, guid: b6367c7ad9561bd44b3cd96f389d81e9, type: 3}
  m_PrefabInstance: {fileID: 7427322757673753224}
  m_PrefabAsset: {fileID: 0}
--- !u!1001 &8158101921141092642
PrefabInstance:
  m_ObjectHideFlags: 0
  serializedVersion: 2
  m_Modification:
    m_TransformParent: {fileID: 7063902327991218397}
    m_Modifications:
    - target: {fileID: 3278793573954390959, guid: e7a969cfb9444344b814b7e869c5fbe2, type: 3}
      propertyPath: m_Name
      value: Hammer_Prop Variant (1)
      objectReference: {fileID: 0}
    - target: {fileID: 3278793573954557839, guid: e7a969cfb9444344b814b7e869c5fbe2, type: 3}
      propertyPath: m_LocalPosition.x
      value: 0.18666363
      objectReference: {fileID: 0}
    - target: {fileID: 3278793573954557839, guid: e7a969cfb9444344b814b7e869c5fbe2, type: 3}
      propertyPath: m_LocalPosition.y
      value: -0.004979968
      objectReference: {fileID: 0}
    - target: {fileID: 3278793573954557839, guid: e7a969cfb9444344b814b7e869c5fbe2, type: 3}
      propertyPath: m_LocalPosition.z
      value: 0.486619
      objectReference: {fileID: 0}
    - target: {fileID: 3278793573954557839, guid: e7a969cfb9444344b814b7e869c5fbe2, type: 3}
      propertyPath: m_LocalRotation.x
      value: 0.70710784
      objectReference: {fileID: 0}
    - target: {fileID: 3278793573954557839, guid: e7a969cfb9444344b814b7e869c5fbe2, type: 3}
      propertyPath: m_LocalRotation.y
      value: 0.70710576
      objectReference: {fileID: 0}
    - target: {fileID: 3278793573954557839, guid: e7a969cfb9444344b814b7e869c5fbe2, type: 3}
      propertyPath: m_LocalRotation.z
      value: 0.0000020862658
      objectReference: {fileID: 0}
    - target: {fileID: 3278793573954557839, guid: e7a969cfb9444344b814b7e869c5fbe2, type: 3}
      propertyPath: m_LocalRotation.w
      value: 0.000002086272
      objectReference: {fileID: 0}
    - target: {fileID: 3278793573954557839, guid: e7a969cfb9444344b814b7e869c5fbe2, type: 3}
      propertyPath: m_RootOrder
      value: 5
      objectReference: {fileID: 0}
    - target: {fileID: 3278793573954557839, guid: e7a969cfb9444344b814b7e869c5fbe2, type: 3}
      propertyPath: m_LocalEulerAnglesHint.x
      value: 180
      objectReference: {fileID: 0}
    - target: {fileID: 3278793573954557839, guid: e7a969cfb9444344b814b7e869c5fbe2, type: 3}
      propertyPath: m_LocalEulerAnglesHint.y
      value: 0
      objectReference: {fileID: 0}
    - target: {fileID: 3278793573954557839, guid: e7a969cfb9444344b814b7e869c5fbe2, type: 3}
      propertyPath: m_LocalEulerAnglesHint.z
      value: -90
      objectReference: {fileID: 0}
    - target: {fileID: 3278793573954557839, guid: e7a969cfb9444344b814b7e869c5fbe2, type: 3}
      propertyPath: m_LocalScale.x
      value: 0.78
      objectReference: {fileID: 0}
    - target: {fileID: 3278793573954557839, guid: e7a969cfb9444344b814b7e869c5fbe2, type: 3}
      propertyPath: m_LocalScale.y
      value: 0.78
      objectReference: {fileID: 0}
    - target: {fileID: 3278793573954557839, guid: e7a969cfb9444344b814b7e869c5fbe2, type: 3}
      propertyPath: m_LocalScale.z
      value: 0.78
      objectReference: {fileID: 0}
    m_RemovedComponents: []
  m_SourcePrefab: {fileID: 100100000, guid: e7a969cfb9444344b814b7e869c5fbe2, type: 3}
--- !u!4 &6681084667496425133 stripped
Transform:
  m_CorrespondingSourceObject: {fileID: 3278793573954557839, guid: e7a969cfb9444344b814b7e869c5fbe2, type: 3}
  m_PrefabInstance: {fileID: 8158101921141092642}
  m_PrefabAsset: {fileID: 0}
--- !u!1001 &8474019424512127426
PrefabInstance:
  m_ObjectHideFlags: 0
  serializedVersion: 2
  m_Modification:
    m_TransformParent: {fileID: 7063902327991218397}
    m_Modifications:
    - target: {fileID: 1410540266390757457, guid: b56efdfa7475d474b8e33c72ca91a0af, type: 3}
      propertyPath: m_LocalPosition.x
      value: -0.31799984
      objectReference: {fileID: 0}
    - target: {fileID: 1410540266390757457, guid: b56efdfa7475d474b8e33c72ca91a0af, type: 3}
      propertyPath: m_LocalPosition.y
      value: -0.12400001
      objectReference: {fileID: 0}
    - target: {fileID: 1410540266390757457, guid: b56efdfa7475d474b8e33c72ca91a0af, type: 3}
      propertyPath: m_LocalPosition.z
      value: 0.48761892
      objectReference: {fileID: 0}
    - target: {fileID: 1410540266390757457, guid: b56efdfa7475d474b8e33c72ca91a0af, type: 3}
      propertyPath: m_LocalRotation.x
      value: -0
      objectReference: {fileID: 0}
    - target: {fileID: 1410540266390757457, guid: b56efdfa7475d474b8e33c72ca91a0af, type: 3}
      propertyPath: m_LocalRotation.y
      value: -0
      objectReference: {fileID: 0}
    - target: {fileID: 1410540266390757457, guid: b56efdfa7475d474b8e33c72ca91a0af, type: 3}
      propertyPath: m_LocalRotation.z
      value: -0
      objectReference: {fileID: 0}
    - target: {fileID: 1410540266390757457, guid: b56efdfa7475d474b8e33c72ca91a0af, type: 3}
      propertyPath: m_LocalRotation.w
      value: 1
      objectReference: {fileID: 0}
    - target: {fileID: 1410540266390757457, guid: b56efdfa7475d474b8e33c72ca91a0af, type: 3}
      propertyPath: m_RootOrder
      value: 15
      objectReference: {fileID: 0}
    - target: {fileID: 1410540266390757457, guid: b56efdfa7475d474b8e33c72ca91a0af, type: 3}
      propertyPath: m_LocalEulerAnglesHint.x
      value: 0
      objectReference: {fileID: 0}
    - target: {fileID: 1410540266390757457, guid: b56efdfa7475d474b8e33c72ca91a0af, type: 3}
      propertyPath: m_LocalEulerAnglesHint.y
      value: 0
      objectReference: {fileID: 0}
    - target: {fileID: 1410540266390757457, guid: b56efdfa7475d474b8e33c72ca91a0af, type: 3}
      propertyPath: m_LocalEulerAnglesHint.z
      value: 0
      objectReference: {fileID: 0}
    - target: {fileID: 1410540266390757457, guid: b56efdfa7475d474b8e33c72ca91a0af, type: 3}
      propertyPath: m_LocalScale.y
      value: 0.061932847
      objectReference: {fileID: 0}
    - target: {fileID: 1410540266390757457, guid: b56efdfa7475d474b8e33c72ca91a0af, type: 3}
      propertyPath: m_LocalScale.x
      value: 0.047960173
      objectReference: {fileID: 0}
    - target: {fileID: 1410540266390757457, guid: b56efdfa7475d474b8e33c72ca91a0af, type: 3}
      propertyPath: m_LocalScale.z
      value: 0.031348273
      objectReference: {fileID: 0}
    - target: {fileID: 1790442855708981995, guid: b56efdfa7475d474b8e33c72ca91a0af, type: 3}
      propertyPath: m_Name
      value: kids scissors (5)
      objectReference: {fileID: 0}
    m_RemovedComponents: []
  m_SourcePrefab: {fileID: 100100000, guid: b56efdfa7475d474b8e33c72ca91a0af, type: 3}
--- !u!4 &7352967668105023891 stripped
Transform:
  m_CorrespondingSourceObject: {fileID: 1410540266390757457, guid: b56efdfa7475d474b8e33c72ca91a0af, type: 3}
  m_PrefabInstance: {fileID: 8474019424512127426}
  m_PrefabAsset: {fileID: 0}
--- !u!1001 &9208878220874416105
PrefabInstance:
  m_ObjectHideFlags: 0
  serializedVersion: 2
  m_Modification:
    m_TransformParent: {fileID: 7063902327991218397}
    m_Modifications:
    - target: {fileID: 474490692524481241, guid: b6367c7ad9561bd44b3cd96f389d81e9, type: 3}
      propertyPath: m_LocalPosition.x
      value: -0.06799984
      objectReference: {fileID: 0}
    - target: {fileID: 474490692524481241, guid: b6367c7ad9561bd44b3cd96f389d81e9, type: 3}
      propertyPath: m_LocalPosition.y
      value: -0.34499997
      objectReference: {fileID: 0}
    - target: {fileID: 474490692524481241, guid: b6367c7ad9561bd44b3cd96f389d81e9, type: 3}
      propertyPath: m_LocalPosition.z
      value: 0.4262762
      objectReference: {fileID: 0}
    - target: {fileID: 474490692524481241, guid: b6367c7ad9561bd44b3cd96f389d81e9, type: 3}
      propertyPath: m_LocalRotation.x
      value: -0
      objectReference: {fileID: 0}
    - target: {fileID: 474490692524481241, guid: b6367c7ad9561bd44b3cd96f389d81e9, type: 3}
      propertyPath: m_LocalRotation.y
      value: -0
      objectReference: {fileID: 0}
    - target: {fileID: 474490692524481241, guid: b6367c7ad9561bd44b3cd96f389d81e9, type: 3}
      propertyPath: m_LocalRotation.z
      value: -0
      objectReference: {fileID: 0}
    - target: {fileID: 474490692524481241, guid: b6367c7ad9561bd44b3cd96f389d81e9, type: 3}
      propertyPath: m_LocalRotation.w
      value: 1
      objectReference: {fileID: 0}
    - target: {fileID: 474490692524481241, guid: b6367c7ad9561bd44b3cd96f389d81e9, type: 3}
      propertyPath: m_RootOrder
      value: 17
      objectReference: {fileID: 0}
    - target: {fileID: 474490692524481241, guid: b6367c7ad9561bd44b3cd96f389d81e9, type: 3}
      propertyPath: m_LocalEulerAnglesHint.x
      value: 0
      objectReference: {fileID: 0}
    - target: {fileID: 474490692524481241, guid: b6367c7ad9561bd44b3cd96f389d81e9, type: 3}
      propertyPath: m_LocalEulerAnglesHint.y
      value: 0
      objectReference: {fileID: 0}
    - target: {fileID: 474490692524481241, guid: b6367c7ad9561bd44b3cd96f389d81e9, type: 3}
      propertyPath: m_LocalEulerAnglesHint.z
      value: 0
      objectReference: {fileID: 0}
    - target: {fileID: 581361375701839166, guid: b6367c7ad9561bd44b3cd96f389d81e9, type: 3}
      propertyPath: m_Name
      value: Knife_Set (3)
      objectReference: {fileID: 0}
    m_RemovedComponents: []
  m_SourcePrefab: {fileID: 100100000, guid: b6367c7ad9561bd44b3cd96f389d81e9, type: 3}
--- !u!4 &8744085255271114032 stripped
Transform:
  m_CorrespondingSourceObject: {fileID: 474490692524481241, guid: b6367c7ad9561bd44b3cd96f389d81e9, type: 3}
  m_PrefabInstance: {fileID: 9208878220874416105}
  m_PrefabAsset: {fileID: 0}
