%YAML 1.1
%TAG !u! tag:unity3d.com,2011:
--- !u!1 &1674871138051165404
GameObject:
  m_ObjectHideFlags: 0
  m_CorrespondingSourceObject: {fileID: 0}
  m_PrefabInstance: {fileID: 0}
  m_PrefabAsset: {fileID: 0}
  serializedVersion: 6
  m_Component:
  - component: {fileID: 1837060560642272937}
  m_Layer: 0
  m_Name: diningRoom-Ver_2.2_8x8
  m_TagString: Untagged
  m_Icon: {fileID: 0}
  m_NavMeshLayer: 0
  m_StaticEditorFlags: 0
  m_IsActive: 1
--- !u!4 &1837060560642272937
Transform:
  m_ObjectHideFlags: 0
  m_CorrespondingSourceObject: {fileID: 0}
  m_PrefabInstance: {fileID: 0}
  m_PrefabAsset: {fileID: 0}
  m_GameObject: {fileID: 1674871138051165404}
  m_LocalRotation: {x: -0, y: -0, z: -0, w: 1}
  m_LocalPosition: {x: 4.105563, y: 1.0997272, z: -4.3781486}
  m_LocalScale: {x: 0.33333334, y: 0.33333334, z: 0.33333334}
  m_Children:
  - {fileID: 7398130335567893055}
  - {fileID: 1929090556196620321}
  - {fileID: 6493300096040363262}
  - {fileID: 1880241705965220599}
  m_Father: {fileID: 0}
  m_RootOrder: 0
  m_LocalEulerAnglesHint: {x: 0, y: 0, z: 0}
--- !u!1001 &4499363089549449620
PrefabInstance:
  m_ObjectHideFlags: 0
  serializedVersion: 2
  m_Modification:
    m_TransformParent: {fileID: 1837060560642272937}
    m_Modifications:
    - target: {fileID: 2645147108984770997, guid: b86d1813b5ce4a74b9926695d82d357c, type: 3}
      propertyPath: m_LocalPosition.x
      value: 6.2893124
      objectReference: {fileID: 0}
    - target: {fileID: 2645147108984770997, guid: b86d1813b5ce4a74b9926695d82d357c, type: 3}
      propertyPath: m_LocalPosition.y
      value: 1.3169185
      objectReference: {fileID: 0}
    - target: {fileID: 2645147108984770997, guid: b86d1813b5ce4a74b9926695d82d357c, type: 3}
      propertyPath: m_LocalPosition.z
      value: 23.280888
      objectReference: {fileID: 0}
    - target: {fileID: 2645147108984770997, guid: b86d1813b5ce4a74b9926695d82d357c, type: 3}
      propertyPath: m_LocalRotation.x
      value: -0
      objectReference: {fileID: 0}
    - target: {fileID: 2645147108984770997, guid: b86d1813b5ce4a74b9926695d82d357c, type: 3}
      propertyPath: m_LocalRotation.y
      value: -0
      objectReference: {fileID: 0}
    - target: {fileID: 2645147108984770997, guid: b86d1813b5ce4a74b9926695d82d357c, type: 3}
      propertyPath: m_LocalRotation.z
      value: -0
      objectReference: {fileID: 0}
    - target: {fileID: 2645147108984770997, guid: b86d1813b5ce4a74b9926695d82d357c, type: 3}
      propertyPath: m_LocalRotation.w
      value: 1
      objectReference: {fileID: 0}
    - target: {fileID: 2645147108984770997, guid: b86d1813b5ce4a74b9926695d82d357c, type: 3}
      propertyPath: m_RootOrder
      value: 1
      objectReference: {fileID: 0}
    - target: {fileID: 2645147108984770997, guid: b86d1813b5ce4a74b9926695d82d357c, type: 3}
      propertyPath: m_LocalEulerAnglesHint.x
      value: 0
      objectReference: {fileID: 0}
    - target: {fileID: 2645147108984770997, guid: b86d1813b5ce4a74b9926695d82d357c, type: 3}
      propertyPath: m_LocalEulerAnglesHint.y
      value: 0
      objectReference: {fileID: 0}
    - target: {fileID: 2645147108984770997, guid: b86d1813b5ce4a74b9926695d82d357c, type: 3}
      propertyPath: m_LocalEulerAnglesHint.z
      value: 0
      objectReference: {fileID: 0}
    - target: {fileID: 2645147108984770997, guid: b86d1813b5ce4a74b9926695d82d357c, type: 3}
      propertyPath: m_LocalScale.x
      value: 1
      objectReference: {fileID: 0}
    - target: {fileID: 2645147108984770997, guid: b86d1813b5ce4a74b9926695d82d357c, type: 3}
      propertyPath: m_LocalScale.y
      value: 1
      objectReference: {fileID: 0}
    - target: {fileID: 2645147108984770997, guid: b86d1813b5ce4a74b9926695d82d357c, type: 3}
      propertyPath: m_LocalScale.z
      value: 1
      objectReference: {fileID: 0}
    - target: {fileID: 2645147108985261461, guid: b86d1813b5ce4a74b9926695d82d357c, type: 3}
      propertyPath: m_Name
      value: Rock Dust Variant
      objectReference: {fileID: 0}
    m_RemovedComponents: []
  m_SourcePrefab: {fileID: 100100000, guid: b86d1813b5ce4a74b9926695d82d357c, type: 3}
--- !u!4 &1929090556196620321 stripped
Transform:
  m_CorrespondingSourceObject: {fileID: 2645147108984770997, guid: b86d1813b5ce4a74b9926695d82d357c, type: 3}
  m_PrefabInstance: {fileID: 4499363089549449620}
  m_PrefabAsset: {fileID: 0}
--- !u!1001 &6231660327151208135
PrefabInstance:
  m_ObjectHideFlags: 0
  serializedVersion: 2
  m_Modification:
    m_TransformParent: {fileID: 1837060560642272937}
    m_Modifications:
    - target: {fileID: 3517379868954806488, guid: daa4d00a1b80f4c4c90f7626b72a1620, type: 3}
      propertyPath: m_Name
      value: Small Electric SParkles
      objectReference: {fileID: 0}
    - target: {fileID: 3517379868955170040, guid: daa4d00a1b80f4c4c90f7626b72a1620, type: 3}
      propertyPath: m_LocalPosition.x
      value: 1.2235794
      objectReference: {fileID: 0}
    - target: {fileID: 3517379868955170040, guid: daa4d00a1b80f4c4c90f7626b72a1620, type: 3}
      propertyPath: m_LocalPosition.y
      value: 1.1528184
      objectReference: {fileID: 0}
    - target: {fileID: 3517379868955170040, guid: daa4d00a1b80f4c4c90f7626b72a1620, type: 3}
      propertyPath: m_LocalPosition.z
      value: 21.705444
      objectReference: {fileID: 0}
    - target: {fileID: 3517379868955170040, guid: daa4d00a1b80f4c4c90f7626b72a1620, type: 3}
      propertyPath: m_LocalRotation.x
      value: -0
      objectReference: {fileID: 0}
    - target: {fileID: 3517379868955170040, guid: daa4d00a1b80f4c4c90f7626b72a1620, type: 3}
      propertyPath: m_LocalRotation.y
      value: -0
      objectReference: {fileID: 0}
    - target: {fileID: 3517379868955170040, guid: daa4d00a1b80f4c4c90f7626b72a1620, type: 3}
      propertyPath: m_LocalRotation.z
      value: -0
      objectReference: {fileID: 0}
    - target: {fileID: 3517379868955170040, guid: daa4d00a1b80f4c4c90f7626b72a1620, type: 3}
      propertyPath: m_LocalRotation.w
      value: 1
      objectReference: {fileID: 0}
    - target: {fileID: 3517379868955170040, guid: daa4d00a1b80f4c4c90f7626b72a1620, type: 3}
      propertyPath: m_RootOrder
      value: 0
      objectReference: {fileID: 0}
    - target: {fileID: 3517379868955170040, guid: daa4d00a1b80f4c4c90f7626b72a1620, type: 3}
      propertyPath: m_LocalEulerAnglesHint.x
      value: 0
      objectReference: {fileID: 0}
    - target: {fileID: 3517379868955170040, guid: daa4d00a1b80f4c4c90f7626b72a1620, type: 3}
      propertyPath: m_LocalEulerAnglesHint.y
      value: 0
      objectReference: {fileID: 0}
    - target: {fileID: 3517379868955170040, guid: daa4d00a1b80f4c4c90f7626b72a1620, type: 3}
      propertyPath: m_LocalEulerAnglesHint.z
      value: 0
      objectReference: {fileID: 0}
    - target: {fileID: 3517379868955170040, guid: daa4d00a1b80f4c4c90f7626b72a1620, type: 3}
      propertyPath: m_LocalScale.x
      value: 1
      objectReference: {fileID: 0}
    - target: {fileID: 3517379868955170040, guid: daa4d00a1b80f4c4c90f7626b72a1620, type: 3}
      propertyPath: m_LocalScale.y
      value: 1
      objectReference: {fileID: 0}
    - target: {fileID: 3517379868955170040, guid: daa4d00a1b80f4c4c90f7626b72a1620, type: 3}
      propertyPath: m_LocalScale.z
      value: 1
      objectReference: {fileID: 0}
    m_RemovedComponents: []
  m_SourcePrefab: {fileID: 100100000, guid: daa4d00a1b80f4c4c90f7626b72a1620, type: 3}
--- !u!4 &7398130335567893055 stripped
Transform:
  m_CorrespondingSourceObject: {fileID: 3517379868955170040, guid: daa4d00a1b80f4c4c90f7626b72a1620, type: 3}
  m_PrefabInstance: {fileID: 6231660327151208135}
  m_PrefabAsset: {fileID: 0}
--- !u!1001 &7518263111033214882
PrefabInstance:
  m_ObjectHideFlags: 0
  serializedVersion: 2
  m_Modification:
    m_TransformParent: {fileID: 1837060560642272937}
    m_Modifications:
    - target: {fileID: 17649041492225959, guid: 443e4c76306551745b28cb93a4ad0418, type: 3}
      propertyPath: ShapeModule.radius.value
      value: 11.6
      objectReference: {fileID: 0}
    - target: {fileID: 7003051621153078224, guid: 443e4c76306551745b28cb93a4ad0418, type: 3}
      propertyPath: m_Name
      value: Dust System 10x9 (1)
      objectReference: {fileID: 0}
    - target: {fileID: 8233083325034571093, guid: 443e4c76306551745b28cb93a4ad0418, type: 3}
      propertyPath: m_LocalPosition.x
      value: -1.2466893
      objectReference: {fileID: 0}
    - target: {fileID: 8233083325034571093, guid: 443e4c76306551745b28cb93a4ad0418, type: 3}
      propertyPath: m_LocalPosition.y
      value: -1.1691816
      objectReference: {fileID: 0}
    - target: {fileID: 8233083325034571093, guid: 443e4c76306551745b28cb93a4ad0418, type: 3}
      propertyPath: m_LocalPosition.z
      value: 22.734447
      objectReference: {fileID: 0}
    - target: {fileID: 8233083325034571093, guid: 443e4c76306551745b28cb93a4ad0418, type: 3}
      propertyPath: m_LocalRotation.x
      value: -0
      objectReference: {fileID: 0}
    - target: {fileID: 8233083325034571093, guid: 443e4c76306551745b28cb93a4ad0418, type: 3}
      propertyPath: m_LocalRotation.y
      value: -0
      objectReference: {fileID: 0}
    - target: {fileID: 8233083325034571093, guid: 443e4c76306551745b28cb93a4ad0418, type: 3}
      propertyPath: m_LocalRotation.z
      value: -0
      objectReference: {fileID: 0}
    - target: {fileID: 8233083325034571093, guid: 443e4c76306551745b28cb93a4ad0418, type: 3}
      propertyPath: m_LocalRotation.w
      value: 1
      objectReference: {fileID: 0}
    - target: {fileID: 8233083325034571093, guid: 443e4c76306551745b28cb93a4ad0418, type: 3}
      propertyPath: m_RootOrder
      value: 3
      objectReference: {fileID: 0}
    - target: {fileID: 8233083325034571093, guid: 443e4c76306551745b28cb93a4ad0418, type: 3}
      propertyPath: m_LocalEulerAnglesHint.x
      value: 0
      objectReference: {fileID: 0}
    - target: {fileID: 8233083325034571093, guid: 443e4c76306551745b28cb93a4ad0418, type: 3}
      propertyPath: m_LocalEulerAnglesHint.y
      value: 0
      objectReference: {fileID: 0}
    - target: {fileID: 8233083325034571093, guid: 443e4c76306551745b28cb93a4ad0418, type: 3}
      propertyPath: m_LocalEulerAnglesHint.z
      value: 0
      objectReference: {fileID: 0}
    - target: {fileID: 8233083325034571093, guid: 443e4c76306551745b28cb93a4ad0418, type: 3}
      propertyPath: m_LocalScale.x
      value: 3
      objectReference: {fileID: 0}
    - target: {fileID: 8233083325034571093, guid: 443e4c76306551745b28cb93a4ad0418, type: 3}
      propertyPath: m_LocalScale.y
      value: 3
      objectReference: {fileID: 0}
    - target: {fileID: 8233083325034571093, guid: 443e4c76306551745b28cb93a4ad0418, type: 3}
      propertyPath: m_LocalScale.z
      value: 3
      objectReference: {fileID: 0}
    m_RemovedComponents: []
  m_SourcePrefab: {fileID: 100100000, guid: 443e4c76306551745b28cb93a4ad0418, type: 3}
--- !u!4 &1880241705965220599 stripped
Transform:
  m_CorrespondingSourceObject: {fileID: 8233083325034571093, guid: 443e4c76306551745b28cb93a4ad0418, type: 3}
  m_PrefabInstance: {fileID: 7518263111033214882}
  m_PrefabAsset: {fileID: 0}
--- !u!1001 &9127007879600977227
PrefabInstance:
  m_ObjectHideFlags: 0
  serializedVersion: 2
  m_Modification:
    m_TransformParent: {fileID: 1837060560642272937}
    m_Modifications:
    - target: {fileID: 2645147108984770997, guid: b86d1813b5ce4a74b9926695d82d357c, type: 3}
      propertyPath: m_LocalPosition.x
      value: -8.377689
      objectReference: {fileID: 0}
    - target: {fileID: 2645147108984770997, guid: b86d1813b5ce4a74b9926695d82d357c, type: 3}
      propertyPath: m_LocalPosition.y
      value: 1.3169185
      objectReference: {fileID: 0}
    - target: {fileID: 2645147108984770997, guid: b86d1813b5ce4a74b9926695d82d357c, type: 3}
      propertyPath: m_LocalPosition.z
      value: 23.280888
      objectReference: {fileID: 0}
    - target: {fileID: 2645147108984770997, guid: b86d1813b5ce4a74b9926695d82d357c, type: 3}
      propertyPath: m_LocalRotation.x
      value: -0
      objectReference: {fileID: 0}
    - target: {fileID: 2645147108984770997, guid: b86d1813b5ce4a74b9926695d82d357c, type: 3}
      propertyPath: m_LocalRotation.y
      value: -0
      objectReference: {fileID: 0}
    - target: {fileID: 2645147108984770997, guid: b86d1813b5ce4a74b9926695d82d357c, type: 3}
      propertyPath: m_LocalRotation.z
      value: -0
      objectReference: {fileID: 0}
    - target: {fileID: 2645147108984770997, guid: b86d1813b5ce4a74b9926695d82d357c, type: 3}
      propertyPath: m_LocalRotation.w
      value: 1
      objectReference: {fileID: 0}
    - target: {fileID: 2645147108984770997, guid: b86d1813b5ce4a74b9926695d82d357c, type: 3}
      propertyPath: m_RootOrder
      value: 2
      objectReference: {fileID: 0}
    - target: {fileID: 2645147108984770997, guid: b86d1813b5ce4a74b9926695d82d357c, type: 3}
      propertyPath: m_LocalEulerAnglesHint.x
      value: 0
      objectReference: {fileID: 0}
    - target: {fileID: 2645147108984770997, guid: b86d1813b5ce4a74b9926695d82d357c, type: 3}
      propertyPath: m_LocalEulerAnglesHint.y
      value: 0
      objectReference: {fileID: 0}
    - target: {fileID: 2645147108984770997, guid: b86d1813b5ce4a74b9926695d82d357c, type: 3}
      propertyPath: m_LocalEulerAnglesHint.z
      value: 0
      objectReference: {fileID: 0}
    - target: {fileID: 2645147108984770997, guid: b86d1813b5ce4a74b9926695d82d357c, type: 3}
      propertyPath: m_LocalScale.x
      value: 1
      objectReference: {fileID: 0}
    - target: {fileID: 2645147108984770997, guid: b86d1813b5ce4a74b9926695d82d357c, type: 3}
      propertyPath: m_LocalScale.y
      value: 1
      objectReference: {fileID: 0}
    - target: {fileID: 2645147108984770997, guid: b86d1813b5ce4a74b9926695d82d357c, type: 3}
      propertyPath: m_LocalScale.z
      value: 1
      objectReference: {fileID: 0}
    - target: {fileID: 2645147108985261461, guid: b86d1813b5ce4a74b9926695d82d357c, type: 3}
      propertyPath: m_Name
      value: Rock Dust Variant (1)
      objectReference: {fileID: 0}
    m_RemovedComponents: []
  m_SourcePrefab: {fileID: 100100000, guid: b86d1813b5ce4a74b9926695d82d357c, type: 3}
--- !u!4 &6493300096040363262 stripped
Transform:
  m_CorrespondingSourceObject: {fileID: 2645147108984770997, guid: b86d1813b5ce4a74b9926695d82d357c, type: 3}
  m_PrefabInstance: {fileID: 9127007879600977227}
  m_PrefabAsset: {fileID: 0}
