%YAML 1.1
%TAG !u! tag:unity3d.com,2011:
--- !u!1 &5858729681588130297
GameObject:
  m_ObjectHideFlags: 0
  m_CorrespondingSourceObject: {fileID: 0}
  m_PrefabInstance: {fileID: 0}
  m_PrefabAsset: {fileID: 0}
  serializedVersion: 6
  m_Component:
  - component: {fileID: 2347358511965685322}
  m_Layer: 0
  m_Name: Kids_Room_Ver_1_8x4
  m_TagString: Untagged
  m_Icon: {fileID: 0}
  m_NavMeshLayer: 0
  m_StaticEditorFlags: 0
  m_IsActive: 1
--- !u!4 &2347358511965685322
Transform:
  m_ObjectHideFlags: 0
  m_CorrespondingSourceObject: {fileID: 0}
  m_PrefabInstance: {fileID: 0}
  m_PrefabAsset: {fileID: 0}
  m_GameObject: {fileID: 5858729681588130297}
  m_LocalRotation: {x: -0, y: -0, z: -0, w: 1}
  m_LocalPosition: {x: -4.6697326, y: -3.3267636, z: -0.299476}
  m_LocalScale: {x: 0.33333334, y: 0.33333334, z: 0.33333334}
  m_Children:
  - {fileID: 7127772331438615454}
  - {fileID: 6435873166108678905}
  - {fileID: 6579293918590655327}
  - {fileID: 7209002374212342536}
  - {fileID: 8844212165018098946}
  - {fileID: 4502362875862362315}
  - {fileID: 2192211497966504777}
  - {fileID: 4993305904461130755}
  m_Father: {fileID: 0}
  m_RootOrder: 0
  m_LocalEulerAnglesHint: {x: 0, y: 0, z: 0}
--- !u!1001 &315006220086840417
PrefabInstance:
  m_ObjectHideFlags: 0
  serializedVersion: 2
  m_Modification:
    m_TransformParent: {fileID: 2347358511965685322}
    m_Modifications:
    - target: {fileID: 5739083775791758632, guid: 96b5d9c7487d37044ad53716be03a66b, type: 3}
      propertyPath: m_IsActive
      value: 1
      objectReference: {fileID: 0}
    - target: {fileID: 5739083775810856014, guid: 96b5d9c7487d37044ad53716be03a66b, type: 3}
      propertyPath: InitialModule.startSpeed.scalar
      value: 0
      objectReference: {fileID: 0}
    - target: {fileID: 5739083775810856014, guid: 96b5d9c7487d37044ad53716be03a66b, type: 3}
      propertyPath: InitialModule.startSize.maxCurve.m_Curve.Array.data[0].value
      value: 0.52100754
      objectReference: {fileID: 0}
    - target: {fileID: 5739083775810856014, guid: 96b5d9c7487d37044ad53716be03a66b, type: 3}
      propertyPath: InitialModule.gravityModifier.scalar
      value: -0.01
      objectReference: {fileID: 0}
    - target: {fileID: 6014051684201384211, guid: 96b5d9c7487d37044ad53716be03a66b, type: 3}
      propertyPath: m_Name
      value: Electric plugs
      objectReference: {fileID: 0}
    - target: {fileID: 7401049536381134847, guid: 96b5d9c7487d37044ad53716be03a66b, type: 3}
      propertyPath: m_LocalPosition.x
      value: 32.078945
      objectReference: {fileID: 0}
    - target: {fileID: 7401049536381134847, guid: 96b5d9c7487d37044ad53716be03a66b, type: 3}
      propertyPath: m_LocalPosition.y
      value: 10.107191
      objectReference: {fileID: 0}
    - target: {fileID: 7401049536381134847, guid: 96b5d9c7487d37044ad53716be03a66b, type: 3}
      propertyPath: m_LocalPosition.z
      value: -0.060671836
      objectReference: {fileID: 0}
    - target: {fileID: 7401049536381134847, guid: 96b5d9c7487d37044ad53716be03a66b, type: 3}
      propertyPath: m_LocalRotation.x
      value: -0
      objectReference: {fileID: 0}
    - target: {fileID: 7401049536381134847, guid: 96b5d9c7487d37044ad53716be03a66b, type: 3}
      propertyPath: m_LocalRotation.y
      value: -0
      objectReference: {fileID: 0}
    - target: {fileID: 7401049536381134847, guid: 96b5d9c7487d37044ad53716be03a66b, type: 3}
      propertyPath: m_LocalRotation.z
      value: -0
      objectReference: {fileID: 0}
    - target: {fileID: 7401049536381134847, guid: 96b5d9c7487d37044ad53716be03a66b, type: 3}
      propertyPath: m_LocalRotation.w
      value: 1
      objectReference: {fileID: 0}
    - target: {fileID: 7401049536381134847, guid: 96b5d9c7487d37044ad53716be03a66b, type: 3}
      propertyPath: m_RootOrder
      value: 0
      objectReference: {fileID: 0}
    - target: {fileID: 7401049536381134847, guid: 96b5d9c7487d37044ad53716be03a66b, type: 3}
      propertyPath: m_LocalEulerAnglesHint.x
      value: 0
      objectReference: {fileID: 0}
    - target: {fileID: 7401049536381134847, guid: 96b5d9c7487d37044ad53716be03a66b, type: 3}
      propertyPath: m_LocalEulerAnglesHint.y
      value: 0
      objectReference: {fileID: 0}
    - target: {fileID: 7401049536381134847, guid: 96b5d9c7487d37044ad53716be03a66b, type: 3}
      propertyPath: m_LocalEulerAnglesHint.z
      value: 0
      objectReference: {fileID: 0}
    - target: {fileID: 7401049536381134847, guid: 96b5d9c7487d37044ad53716be03a66b, type: 3}
      propertyPath: m_LocalScale.x
      value: 3
      objectReference: {fileID: 0}
    - target: {fileID: 7401049536381134847, guid: 96b5d9c7487d37044ad53716be03a66b, type: 3}
      propertyPath: m_LocalScale.y
      value: 3
      objectReference: {fileID: 0}
    - target: {fileID: 7401049536381134847, guid: 96b5d9c7487d37044ad53716be03a66b, type: 3}
      propertyPath: m_LocalScale.z
      value: 3
      objectReference: {fileID: 0}
    m_RemovedComponents: []
  m_SourcePrefab: {fileID: 100100000, guid: 96b5d9c7487d37044ad53716be03a66b, type: 3}
--- !u!4 &7127772331438615454 stripped
Transform:
  m_CorrespondingSourceObject: {fileID: 7401049536381134847, guid: 96b5d9c7487d37044ad53716be03a66b, type: 3}
  m_PrefabInstance: {fileID: 315006220086840417}
  m_PrefabAsset: {fileID: 0}
--- !u!1001 &1057120457406315571
PrefabInstance:
  m_ObjectHideFlags: 0
  serializedVersion: 2
  m_Modification:
    m_TransformParent: {fileID: 2347358511965685322}
    m_Modifications:
    - target: {fileID: 3517379868954806488, guid: daa4d00a1b80f4c4c90f7626b72a1620, type: 3}
      propertyPath: m_Name
      value: Small Electric SParkles (1)
      objectReference: {fileID: 0}
    - target: {fileID: 3517379868955170040, guid: daa4d00a1b80f4c4c90f7626b72a1620, type: 3}
      propertyPath: m_LocalPosition.x
      value: 26.432499
      objectReference: {fileID: 0}
    - target: {fileID: 3517379868955170040, guid: daa4d00a1b80f4c4c90f7626b72a1620, type: 3}
      propertyPath: m_LocalPosition.y
      value: 13.487592
      objectReference: {fileID: 0}
    - target: {fileID: 3517379868955170040, guid: daa4d00a1b80f4c4c90f7626b72a1620, type: 3}
      propertyPath: m_LocalPosition.z
      value: 5.3969283
      objectReference: {fileID: 0}
    - target: {fileID: 3517379868955170040, guid: daa4d00a1b80f4c4c90f7626b72a1620, type: 3}
      propertyPath: m_LocalRotation.x
      value: -0
      objectReference: {fileID: 0}
    - target: {fileID: 3517379868955170040, guid: daa4d00a1b80f4c4c90f7626b72a1620, type: 3}
      propertyPath: m_LocalRotation.y
      value: -0
      objectReference: {fileID: 0}
    - target: {fileID: 3517379868955170040, guid: daa4d00a1b80f4c4c90f7626b72a1620, type: 3}
      propertyPath: m_LocalRotation.z
      value: -0
      objectReference: {fileID: 0}
    - target: {fileID: 3517379868955170040, guid: daa4d00a1b80f4c4c90f7626b72a1620, type: 3}
      propertyPath: m_LocalRotation.w
      value: 1
      objectReference: {fileID: 0}
    - target: {fileID: 3517379868955170040, guid: daa4d00a1b80f4c4c90f7626b72a1620, type: 3}
      propertyPath: m_RootOrder
      value: 5
      objectReference: {fileID: 0}
    - target: {fileID: 3517379868955170040, guid: daa4d00a1b80f4c4c90f7626b72a1620, type: 3}
      propertyPath: m_LocalEulerAnglesHint.x
      value: 0
      objectReference: {fileID: 0}
    - target: {fileID: 3517379868955170040, guid: daa4d00a1b80f4c4c90f7626b72a1620, type: 3}
      propertyPath: m_LocalEulerAnglesHint.y
      value: 0
      objectReference: {fileID: 0}
    - target: {fileID: 3517379868955170040, guid: daa4d00a1b80f4c4c90f7626b72a1620, type: 3}
      propertyPath: m_LocalEulerAnglesHint.z
      value: 0
      objectReference: {fileID: 0}
    - target: {fileID: 3517379868955170040, guid: daa4d00a1b80f4c4c90f7626b72a1620, type: 3}
      propertyPath: m_LocalScale.x
      value: 1
      objectReference: {fileID: 0}
    - target: {fileID: 3517379868955170040, guid: daa4d00a1b80f4c4c90f7626b72a1620, type: 3}
      propertyPath: m_LocalScale.y
      value: 1
      objectReference: {fileID: 0}
    - target: {fileID: 3517379868955170040, guid: daa4d00a1b80f4c4c90f7626b72a1620, type: 3}
      propertyPath: m_LocalScale.z
      value: 1
      objectReference: {fileID: 0}
    m_RemovedComponents: []
  m_SourcePrefab: {fileID: 100100000, guid: daa4d00a1b80f4c4c90f7626b72a1620, type: 3}
--- !u!4 &4502362875862362315 stripped
Transform:
  m_CorrespondingSourceObject: {fileID: 3517379868955170040, guid: daa4d00a1b80f4c4c90f7626b72a1620, type: 3}
  m_PrefabInstance: {fileID: 1057120457406315571}
  m_PrefabAsset: {fileID: 0}
--- !u!1001 &2355557187502592562
PrefabInstance:
  m_ObjectHideFlags: 0
  serializedVersion: 2
  m_Modification:
    m_TransformParent: {fileID: 2347358511965685322}
    m_Modifications:
    - target: {fileID: 4952582721351844154, guid: c281f60676d665c438ee1e8a0fe0a52b, type: 3}
      propertyPath: m_LocalPosition.x
      value: 21.639992
      objectReference: {fileID: 0}
    - target: {fileID: 4952582721351844154, guid: c281f60676d665c438ee1e8a0fe0a52b, type: 3}
      propertyPath: m_LocalPosition.y
      value: 13.94989
      objectReference: {fileID: 0}
    - target: {fileID: 4952582721351844154, guid: c281f60676d665c438ee1e8a0fe0a52b, type: 3}
      propertyPath: m_LocalPosition.z
      value: 6.4594097
      objectReference: {fileID: 0}
    - target: {fileID: 4952582721351844154, guid: c281f60676d665c438ee1e8a0fe0a52b, type: 3}
      propertyPath: m_LocalRotation.x
      value: 0.17216294
      objectReference: {fileID: 0}
    - target: {fileID: 4952582721351844154, guid: c281f60676d665c438ee1e8a0fe0a52b, type: 3}
      propertyPath: m_LocalRotation.y
      value: 0.1285432
      objectReference: {fileID: 0}
    - target: {fileID: 4952582721351844154, guid: c281f60676d665c438ee1e8a0fe0a52b, type: 3}
      propertyPath: m_LocalRotation.z
      value: 0.022665681
      objectReference: {fileID: 0}
    - target: {fileID: 4952582721351844154, guid: c281f60676d665c438ee1e8a0fe0a52b, type: 3}
      propertyPath: m_LocalRotation.w
      value: -0.97638255
      objectReference: {fileID: 0}
    - target: {fileID: 4952582721351844154, guid: c281f60676d665c438ee1e8a0fe0a52b, type: 3}
      propertyPath: m_RootOrder
      value: 3
      objectReference: {fileID: 0}
    - target: {fileID: 4952582721351844154, guid: c281f60676d665c438ee1e8a0fe0a52b, type: 3}
      propertyPath: m_LocalEulerAnglesHint.x
      value: 0
      objectReference: {fileID: 0}
    - target: {fileID: 4952582721351844154, guid: c281f60676d665c438ee1e8a0fe0a52b, type: 3}
      propertyPath: m_LocalEulerAnglesHint.y
      value: 0
      objectReference: {fileID: 0}
    - target: {fileID: 4952582721351844154, guid: c281f60676d665c438ee1e8a0fe0a52b, type: 3}
      propertyPath: m_LocalEulerAnglesHint.z
      value: 0
      objectReference: {fileID: 0}
    - target: {fileID: 4952582721351844154, guid: c281f60676d665c438ee1e8a0fe0a52b, type: 3}
      propertyPath: m_LocalScale.x
      value: 0.33333334
      objectReference: {fileID: 0}
    - target: {fileID: 4952582721351844154, guid: c281f60676d665c438ee1e8a0fe0a52b, type: 3}
      propertyPath: m_LocalScale.y
      value: 0.33333346
      objectReference: {fileID: 0}
    - target: {fileID: 4952582721351844154, guid: c281f60676d665c438ee1e8a0fe0a52b, type: 3}
      propertyPath: m_LocalScale.z
      value: 0.33333334
      objectReference: {fileID: 0}
    - target: {fileID: 4952582721352080666, guid: c281f60676d665c438ee1e8a0fe0a52b, type: 3}
      propertyPath: m_Name
      value: Water Leak Light
      objectReference: {fileID: 0}
    m_RemovedComponents: []
  m_SourcePrefab: {fileID: 100100000, guid: c281f60676d665c438ee1e8a0fe0a52b, type: 3}
--- !u!4 &7209002374212342536 stripped
Transform:
  m_CorrespondingSourceObject: {fileID: 4952582721351844154, guid: c281f60676d665c438ee1e8a0fe0a52b, type: 3}
  m_PrefabInstance: {fileID: 2355557187502592562}
  m_PrefabAsset: {fileID: 0}
--- !u!1001 &4466330180183063712
PrefabInstance:
  m_ObjectHideFlags: 0
  serializedVersion: 2
  m_Modification:
    m_TransformParent: {fileID: 2347358511965685322}
    m_Modifications:
    - target: {fileID: 5739083775791758632, guid: 96b5d9c7487d37044ad53716be03a66b, type: 3}
      propertyPath: m_IsActive
      value: 1
      objectReference: {fileID: 0}
    - target: {fileID: 5739083775810856014, guid: 96b5d9c7487d37044ad53716be03a66b, type: 3}
      propertyPath: InitialModule.startSpeed.scalar
      value: 0
      objectReference: {fileID: 0}
    - target: {fileID: 5739083775810856014, guid: 96b5d9c7487d37044ad53716be03a66b, type: 3}
      propertyPath: InitialModule.startSize.maxCurve.m_Curve.Array.data[0].value
      value: 0.52100754
      objectReference: {fileID: 0}
    - target: {fileID: 5739083775810856014, guid: 96b5d9c7487d37044ad53716be03a66b, type: 3}
      propertyPath: InitialModule.gravityModifier.scalar
      value: -0.01
      objectReference: {fileID: 0}
    - target: {fileID: 6014051684201384211, guid: 96b5d9c7487d37044ad53716be03a66b, type: 3}
      propertyPath: m_Name
      value: Electric plugs (1)
      objectReference: {fileID: 0}
    - target: {fileID: 7401049536381134847, guid: 96b5d9c7487d37044ad53716be03a66b, type: 3}
      propertyPath: m_LocalPosition.x
      value: 20.081196
      objectReference: {fileID: 0}
    - target: {fileID: 7401049536381134847, guid: 96b5d9c7487d37044ad53716be03a66b, type: 3}
      propertyPath: m_LocalPosition.y
      value: 10.109291
      objectReference: {fileID: 0}
    - target: {fileID: 7401049536381134847, guid: 96b5d9c7487d37044ad53716be03a66b, type: 3}
      propertyPath: m_LocalPosition.z
      value: -0.061271667
      objectReference: {fileID: 0}
    - target: {fileID: 7401049536381134847, guid: 96b5d9c7487d37044ad53716be03a66b, type: 3}
      propertyPath: m_LocalRotation.x
      value: -0
      objectReference: {fileID: 0}
    - target: {fileID: 7401049536381134847, guid: 96b5d9c7487d37044ad53716be03a66b, type: 3}
      propertyPath: m_LocalRotation.y
      value: -0
      objectReference: {fileID: 0}
    - target: {fileID: 7401049536381134847, guid: 96b5d9c7487d37044ad53716be03a66b, type: 3}
      propertyPath: m_LocalRotation.z
      value: -0
      objectReference: {fileID: 0}
    - target: {fileID: 7401049536381134847, guid: 96b5d9c7487d37044ad53716be03a66b, type: 3}
      propertyPath: m_LocalRotation.w
      value: -1
      objectReference: {fileID: 0}
    - target: {fileID: 7401049536381134847, guid: 96b5d9c7487d37044ad53716be03a66b, type: 3}
      propertyPath: m_RootOrder
      value: 2
      objectReference: {fileID: 0}
    - target: {fileID: 7401049536381134847, guid: 96b5d9c7487d37044ad53716be03a66b, type: 3}
      propertyPath: m_LocalEulerAnglesHint.x
      value: 0
      objectReference: {fileID: 0}
    - target: {fileID: 7401049536381134847, guid: 96b5d9c7487d37044ad53716be03a66b, type: 3}
      propertyPath: m_LocalEulerAnglesHint.y
      value: 360
      objectReference: {fileID: 0}
    - target: {fileID: 7401049536381134847, guid: 96b5d9c7487d37044ad53716be03a66b, type: 3}
      propertyPath: m_LocalEulerAnglesHint.z
      value: 0
      objectReference: {fileID: 0}
    - target: {fileID: 7401049536381134847, guid: 96b5d9c7487d37044ad53716be03a66b, type: 3}
      propertyPath: m_LocalScale.x
      value: 3
      objectReference: {fileID: 0}
    - target: {fileID: 7401049536381134847, guid: 96b5d9c7487d37044ad53716be03a66b, type: 3}
      propertyPath: m_LocalScale.y
      value: 3
      objectReference: {fileID: 0}
    - target: {fileID: 7401049536381134847, guid: 96b5d9c7487d37044ad53716be03a66b, type: 3}
      propertyPath: m_LocalScale.z
      value: 3
      objectReference: {fileID: 0}
    m_RemovedComponents: []
  m_SourcePrefab: {fileID: 100100000, guid: 96b5d9c7487d37044ad53716be03a66b, type: 3}
--- !u!4 &6579293918590655327 stripped
Transform:
  m_CorrespondingSourceObject: {fileID: 7401049536381134847, guid: 96b5d9c7487d37044ad53716be03a66b, type: 3}
  m_PrefabInstance: {fileID: 4466330180183063712}
  m_PrefabAsset: {fileID: 0}
--- !u!1001 &4604121227977653510
PrefabInstance:
  m_ObjectHideFlags: 0
  serializedVersion: 2
  m_Modification:
    m_TransformParent: {fileID: 2347358511965685322}
    m_Modifications:
    - target: {fileID: 5739083775791758632, guid: 96b5d9c7487d37044ad53716be03a66b, type: 3}
      propertyPath: m_IsActive
      value: 1
      objectReference: {fileID: 0}
    - target: {fileID: 5739083775810856014, guid: 96b5d9c7487d37044ad53716be03a66b, type: 3}
      propertyPath: InitialModule.startSpeed.scalar
      value: 0
      objectReference: {fileID: 0}
    - target: {fileID: 5739083775810856014, guid: 96b5d9c7487d37044ad53716be03a66b, type: 3}
      propertyPath: InitialModule.startSize.maxCurve.m_Curve.Array.data[0].value
      value: 0.52100754
      objectReference: {fileID: 0}
    - target: {fileID: 5739083775810856014, guid: 96b5d9c7487d37044ad53716be03a66b, type: 3}
      propertyPath: InitialModule.gravityModifier.scalar
      value: -0.01
      objectReference: {fileID: 0}
    - target: {fileID: 6014051684201384211, guid: 96b5d9c7487d37044ad53716be03a66b, type: 3}
      propertyPath: m_Name
      value: Electric plugs (3)
      objectReference: {fileID: 0}
    - target: {fileID: 7401049536381134847, guid: 96b5d9c7487d37044ad53716be03a66b, type: 3}
      propertyPath: m_LocalPosition.x
      value: 27.948399
      objectReference: {fileID: 0}
    - target: {fileID: 7401049536381134847, guid: 96b5d9c7487d37044ad53716be03a66b, type: 3}
      propertyPath: m_LocalPosition.y
      value: 10.09189
      objectReference: {fileID: 0}
    - target: {fileID: 7401049536381134847, guid: 96b5d9c7487d37044ad53716be03a66b, type: 3}
      propertyPath: m_LocalPosition.z
      value: 10.851528
      objectReference: {fileID: 0}
    - target: {fileID: 7401049536381134847, guid: 96b5d9c7487d37044ad53716be03a66b, type: 3}
      propertyPath: m_LocalRotation.x
      value: -0
      objectReference: {fileID: 0}
    - target: {fileID: 7401049536381134847, guid: 96b5d9c7487d37044ad53716be03a66b, type: 3}
      propertyPath: m_LocalRotation.y
      value: -0
      objectReference: {fileID: 0}
    - target: {fileID: 7401049536381134847, guid: 96b5d9c7487d37044ad53716be03a66b, type: 3}
      propertyPath: m_LocalRotation.z
      value: -0
      objectReference: {fileID: 0}
    - target: {fileID: 7401049536381134847, guid: 96b5d9c7487d37044ad53716be03a66b, type: 3}
      propertyPath: m_LocalRotation.w
      value: -1
      objectReference: {fileID: 0}
    - target: {fileID: 7401049536381134847, guid: 96b5d9c7487d37044ad53716be03a66b, type: 3}
      propertyPath: m_RootOrder
      value: 1
      objectReference: {fileID: 0}
    - target: {fileID: 7401049536381134847, guid: 96b5d9c7487d37044ad53716be03a66b, type: 3}
      propertyPath: m_LocalEulerAnglesHint.x
      value: 0
      objectReference: {fileID: 0}
    - target: {fileID: 7401049536381134847, guid: 96b5d9c7487d37044ad53716be03a66b, type: 3}
      propertyPath: m_LocalEulerAnglesHint.y
      value: 360
      objectReference: {fileID: 0}
    - target: {fileID: 7401049536381134847, guid: 96b5d9c7487d37044ad53716be03a66b, type: 3}
      propertyPath: m_LocalEulerAnglesHint.z
      value: 0
      objectReference: {fileID: 0}
    - target: {fileID: 7401049536381134847, guid: 96b5d9c7487d37044ad53716be03a66b, type: 3}
      propertyPath: m_LocalScale.x
      value: 3
      objectReference: {fileID: 0}
    - target: {fileID: 7401049536381134847, guid: 96b5d9c7487d37044ad53716be03a66b, type: 3}
      propertyPath: m_LocalScale.y
      value: 3
      objectReference: {fileID: 0}
    - target: {fileID: 7401049536381134847, guid: 96b5d9c7487d37044ad53716be03a66b, type: 3}
      propertyPath: m_LocalScale.z
      value: 3
      objectReference: {fileID: 0}
    m_RemovedComponents: []
  m_SourcePrefab: {fileID: 100100000, guid: 96b5d9c7487d37044ad53716be03a66b, type: 3}
--- !u!4 &6435873166108678905 stripped
Transform:
  m_CorrespondingSourceObject: {fileID: 7401049536381134847, guid: 96b5d9c7487d37044ad53716be03a66b, type: 3}
  m_PrefabInstance: {fileID: 4604121227977653510}
  m_PrefabAsset: {fileID: 0}
--- !u!1001 &5362883633109092858
PrefabInstance:
  m_ObjectHideFlags: 0
  serializedVersion: 2
  m_Modification:
    m_TransformParent: {fileID: 2347358511965685322}
    m_Modifications:
    - target: {fileID: 3517379868954806488, guid: daa4d00a1b80f4c4c90f7626b72a1620, type: 3}
      propertyPath: m_Name
      value: Small Electric SParkles
      objectReference: {fileID: 0}
    - target: {fileID: 3517379868954806488, guid: daa4d00a1b80f4c4c90f7626b72a1620, type: 3}
      propertyPath: m_IsActive
      value: 0
      objectReference: {fileID: 0}
    - target: {fileID: 3517379868955170040, guid: daa4d00a1b80f4c4c90f7626b72a1620, type: 3}
      propertyPath: m_LocalPosition.x
      value: 21.938198
      objectReference: {fileID: 0}
    - target: {fileID: 3517379868955170040, guid: daa4d00a1b80f4c4c90f7626b72a1620, type: 3}
      propertyPath: m_LocalPosition.y
      value: 13.487592
      objectReference: {fileID: 0}
    - target: {fileID: 3517379868955170040, guid: daa4d00a1b80f4c4c90f7626b72a1620, type: 3}
      propertyPath: m_LocalPosition.z
      value: 5.3924284
      objectReference: {fileID: 0}
    - target: {fileID: 3517379868955170040, guid: daa4d00a1b80f4c4c90f7626b72a1620, type: 3}
      propertyPath: m_LocalRotation.x
      value: -0
      objectReference: {fileID: 0}
    - target: {fileID: 3517379868955170040, guid: daa4d00a1b80f4c4c90f7626b72a1620, type: 3}
      propertyPath: m_LocalRotation.y
      value: -0
      objectReference: {fileID: 0}
    - target: {fileID: 3517379868955170040, guid: daa4d00a1b80f4c4c90f7626b72a1620, type: 3}
      propertyPath: m_LocalRotation.z
      value: -0
      objectReference: {fileID: 0}
    - target: {fileID: 3517379868955170040, guid: daa4d00a1b80f4c4c90f7626b72a1620, type: 3}
      propertyPath: m_LocalRotation.w
      value: 1
      objectReference: {fileID: 0}
    - target: {fileID: 3517379868955170040, guid: daa4d00a1b80f4c4c90f7626b72a1620, type: 3}
      propertyPath: m_RootOrder
      value: 4
      objectReference: {fileID: 0}
    - target: {fileID: 3517379868955170040, guid: daa4d00a1b80f4c4c90f7626b72a1620, type: 3}
      propertyPath: m_LocalEulerAnglesHint.x
      value: 0
      objectReference: {fileID: 0}
    - target: {fileID: 3517379868955170040, guid: daa4d00a1b80f4c4c90f7626b72a1620, type: 3}
      propertyPath: m_LocalEulerAnglesHint.y
      value: 0
      objectReference: {fileID: 0}
    - target: {fileID: 3517379868955170040, guid: daa4d00a1b80f4c4c90f7626b72a1620, type: 3}
      propertyPath: m_LocalEulerAnglesHint.z
      value: 0
      objectReference: {fileID: 0}
    - target: {fileID: 3517379868955170040, guid: daa4d00a1b80f4c4c90f7626b72a1620, type: 3}
      propertyPath: m_LocalScale.x
      value: 1
      objectReference: {fileID: 0}
    - target: {fileID: 3517379868955170040, guid: daa4d00a1b80f4c4c90f7626b72a1620, type: 3}
      propertyPath: m_LocalScale.y
      value: 1
      objectReference: {fileID: 0}
    - target: {fileID: 3517379868955170040, guid: daa4d00a1b80f4c4c90f7626b72a1620, type: 3}
      propertyPath: m_LocalScale.z
      value: 1
      objectReference: {fileID: 0}
    m_RemovedComponents: []
  m_SourcePrefab: {fileID: 100100000, guid: daa4d00a1b80f4c4c90f7626b72a1620, type: 3}
--- !u!4 &8844212165018098946 stripped
Transform:
  m_CorrespondingSourceObject: {fileID: 3517379868955170040, guid: daa4d00a1b80f4c4c90f7626b72a1620, type: 3}
  m_PrefabInstance: {fileID: 5362883633109092858}
  m_PrefabAsset: {fileID: 0}
--- !u!1001 &6199981565854691379
PrefabInstance:
  m_ObjectHideFlags: 0
  serializedVersion: 2
  m_Modification:
    m_TransformParent: {fileID: 2347358511965685322}
    m_Modifications:
    - target: {fileID: 5217014296154684282, guid: 5e8d781f3e70e984ea96a3aa95be9585, type: 3}
      propertyPath: m_LocalPosition.x
      value: 25.348888
      objectReference: {fileID: 0}
    - target: {fileID: 5217014296154684282, guid: 5e8d781f3e70e984ea96a3aa95be9585, type: 3}
      propertyPath: m_LocalPosition.y
      value: 12.203291
      objectReference: {fileID: 0}
    - target: {fileID: 5217014296154684282, guid: 5e8d781f3e70e984ea96a3aa95be9585, type: 3}
      propertyPath: m_LocalPosition.z
      value: 5.4704285
      objectReference: {fileID: 0}
    - target: {fileID: 5217014296154684282, guid: 5e8d781f3e70e984ea96a3aa95be9585, type: 3}
      propertyPath: m_LocalRotation.x
      value: -0
      objectReference: {fileID: 0}
    - target: {fileID: 5217014296154684282, guid: 5e8d781f3e70e984ea96a3aa95be9585, type: 3}
      propertyPath: m_LocalRotation.y
      value: -0
      objectReference: {fileID: 0}
    - target: {fileID: 5217014296154684282, guid: 5e8d781f3e70e984ea96a3aa95be9585, type: 3}
      propertyPath: m_LocalRotation.z
      value: -0.0000000037252899
      objectReference: {fileID: 0}
    - target: {fileID: 5217014296154684282, guid: 5e8d781f3e70e984ea96a3aa95be9585, type: 3}
      propertyPath: m_LocalRotation.w
      value: 1
      objectReference: {fileID: 0}
    - target: {fileID: 5217014296154684282, guid: 5e8d781f3e70e984ea96a3aa95be9585, type: 3}
      propertyPath: m_RootOrder
      value: 6
      objectReference: {fileID: 0}
    - target: {fileID: 5217014296154684282, guid: 5e8d781f3e70e984ea96a3aa95be9585, type: 3}
      propertyPath: m_LocalEulerAnglesHint.x
      value: 0
      objectReference: {fileID: 0}
    - target: {fileID: 5217014296154684282, guid: 5e8d781f3e70e984ea96a3aa95be9585, type: 3}
      propertyPath: m_LocalEulerAnglesHint.y
      value: 0
      objectReference: {fileID: 0}
    - target: {fileID: 5217014296154684282, guid: 5e8d781f3e70e984ea96a3aa95be9585, type: 3}
      propertyPath: m_LocalEulerAnglesHint.z
      value: 0
      objectReference: {fileID: 0}
    - target: {fileID: 5217014296154684282, guid: 5e8d781f3e70e984ea96a3aa95be9585, type: 3}
      propertyPath: m_LocalScale.x
      value: 1.98
      objectReference: {fileID: 0}
    - target: {fileID: 5217014296154684282, guid: 5e8d781f3e70e984ea96a3aa95be9585, type: 3}
      propertyPath: m_LocalScale.y
      value: 0.71999997
      objectReference: {fileID: 0}
    - target: {fileID: 5217014296154684282, guid: 5e8d781f3e70e984ea96a3aa95be9585, type: 3}
      propertyPath: m_LocalScale.z
      value: 1.05
      objectReference: {fileID: 0}
    - target: {fileID: 6559652480429516287, guid: 5e8d781f3e70e984ea96a3aa95be9585, type: 3}
      propertyPath: m_Name
      value: Dust System 6x9
      objectReference: {fileID: 0}
    m_RemovedComponents: []
  m_SourcePrefab: {fileID: 100100000, guid: 5e8d781f3e70e984ea96a3aa95be9585, type: 3}
--- !u!4 &2192211497966504777 stripped
Transform:
  m_CorrespondingSourceObject: {fileID: 5217014296154684282, guid: 5e8d781f3e70e984ea96a3aa95be9585, type: 3}
  m_PrefabInstance: {fileID: 6199981565854691379}
  m_PrefabAsset: {fileID: 0}
--- !u!1001 &7061285793246248374
PrefabInstance:
  m_ObjectHideFlags: 0
  serializedVersion: 2
  m_Modification:
    m_TransformParent: {fileID: 2347358511965685322}
    m_Modifications:
    - target: {fileID: 2645147108984770997, guid: b86d1813b5ce4a74b9926695d82d357c, type: 3}
      propertyPath: m_LocalPosition.x
      value: 14.4039955
      objectReference: {fileID: 0}
    - target: {fileID: 2645147108984770997, guid: b86d1813b5ce4a74b9926695d82d357c, type: 3}
      propertyPath: m_LocalPosition.y
      value: 13.481292
      objectReference: {fileID: 0}
    - target: {fileID: 2645147108984770997, guid: b86d1813b5ce4a74b9926695d82d357c, type: 3}
      propertyPath: m_LocalPosition.z
      value: 10.540129
      objectReference: {fileID: 0}
    - target: {fileID: 2645147108984770997, guid: b86d1813b5ce4a74b9926695d82d357c, type: 3}
      propertyPath: m_LocalRotation.x
      value: -0
      objectReference: {fileID: 0}
    - target: {fileID: 2645147108984770997, guid: b86d1813b5ce4a74b9926695d82d357c, type: 3}
      propertyPath: m_LocalRotation.y
      value: -0
      objectReference: {fileID: 0}
    - target: {fileID: 2645147108984770997, guid: b86d1813b5ce4a74b9926695d82d357c, type: 3}
      propertyPath: m_LocalRotation.z
      value: -0
      objectReference: {fileID: 0}
    - target: {fileID: 2645147108984770997, guid: b86d1813b5ce4a74b9926695d82d357c, type: 3}
      propertyPath: m_LocalRotation.w
      value: 1
      objectReference: {fileID: 0}
    - target: {fileID: 2645147108984770997, guid: b86d1813b5ce4a74b9926695d82d357c, type: 3}
      propertyPath: m_RootOrder
      value: 7
      objectReference: {fileID: 0}
    - target: {fileID: 2645147108984770997, guid: b86d1813b5ce4a74b9926695d82d357c, type: 3}
      propertyPath: m_LocalEulerAnglesHint.x
      value: 0
      objectReference: {fileID: 0}
    - target: {fileID: 2645147108984770997, guid: b86d1813b5ce4a74b9926695d82d357c, type: 3}
      propertyPath: m_LocalEulerAnglesHint.y
      value: 0
      objectReference: {fileID: 0}
    - target: {fileID: 2645147108984770997, guid: b86d1813b5ce4a74b9926695d82d357c, type: 3}
      propertyPath: m_LocalEulerAnglesHint.z
      value: 0
      objectReference: {fileID: 0}
    - target: {fileID: 2645147108984770997, guid: b86d1813b5ce4a74b9926695d82d357c, type: 3}
      propertyPath: m_LocalScale.x
      value: 1
      objectReference: {fileID: 0}
    - target: {fileID: 2645147108984770997, guid: b86d1813b5ce4a74b9926695d82d357c, type: 3}
      propertyPath: m_LocalScale.y
      value: 1
      objectReference: {fileID: 0}
    - target: {fileID: 2645147108984770997, guid: b86d1813b5ce4a74b9926695d82d357c, type: 3}
      propertyPath: m_LocalScale.z
      value: 1
      objectReference: {fileID: 0}
    - target: {fileID: 2645147108985261461, guid: b86d1813b5ce4a74b9926695d82d357c, type: 3}
      propertyPath: m_Name
      value: Rock Dust Variant
      objectReference: {fileID: 0}
    - target: {fileID: 2645147108985261463, guid: b86d1813b5ce4a74b9926695d82d357c, type: 3}
      propertyPath: m_IsActive
      value: 0
      objectReference: {fileID: 0}
    m_RemovedComponents: []
  m_SourcePrefab: {fileID: 100100000, guid: b86d1813b5ce4a74b9926695d82d357c, type: 3}
--- !u!4 &4993305904461130755 stripped
Transform:
  m_CorrespondingSourceObject: {fileID: 2645147108984770997, guid: b86d1813b5ce4a74b9926695d82d357c, type: 3}
  m_PrefabInstance: {fileID: 7061285793246248374}
  m_PrefabAsset: {fileID: 0}
