%YAML 1.1
%TAG !u! tag:unity3d.com,2011:
--- !u!1 &3619746758039692226
GameObject:
  m_ObjectHideFlags: 0
  m_CorrespondingSourceObject: {fileID: 0}
  m_PrefabInstance: {fileID: 0}
  m_PrefabAsset: {fileID: 0}
  serializedVersion: 6
  m_Component:
  - component: {fileID: 4138874934814554488}
  - component: {fileID: 1071829525604382429}
  - component: {fileID: 2970986039004119575}
  - component: {fileID: 6984234725940979894}
  m_Layer: 0
  m_Name: platform_low (2)
  m_TagString: Untagged
  m_Icon: {fileID: 0}
  m_NavMeshLayer: 0
  m_StaticEditorFlags: 0
  m_IsActive: 1
--- !u!4 &4138874934814554488
Transform:
  m_ObjectHideFlags: 0
  m_CorrespondingSourceObject: {fileID: 0}
  m_PrefabInstance: {fileID: 0}
  m_PrefabAsset: {fileID: 0}
  m_GameObject: {fileID: 3619746758039692226}
  m_LocalRotation: {x: -0, y: -0, z: -0, w: 1}
  m_LocalPosition: {x: 0, y: 0.085, z: 0}
  m_LocalScale: {x: 0.5, y: 0.5, z: 0.5}
  m_Children: []
  m_Father: {fileID: 4589331852444396921}
  m_RootOrder: 0
  m_LocalEulerAnglesHint: {x: 0, y: 0, z: 0}
--- !u!33 &1071829525604382429
MeshFilter:
  m_ObjectHideFlags: 0
  m_CorrespondingSourceObject: {fileID: 0}
  m_PrefabInstance: {fileID: 0}
  m_PrefabAsset: {fileID: 0}
  m_GameObject: {fileID: 3619746758039692226}
  m_Mesh: {fileID: 6651996940435722187, guid: 7dfc08ebc10cae64cbf8dac2e34da721, type: 3}
--- !u!23 &2970986039004119575
MeshRenderer:
  m_ObjectHideFlags: 0
  m_CorrespondingSourceObject: {fileID: 0}
  m_PrefabInstance: {fileID: 0}
  m_PrefabAsset: {fileID: 0}
  m_GameObject: {fileID: 3619746758039692226}
  m_Enabled: 1
  m_CastShadows: 1
  m_ReceiveShadows: 1
  m_DynamicOccludee: 1
  m_MotionVectors: 1
  m_LightProbeUsage: 1
  m_ReflectionProbeUsage: 1
  m_RayTracingMode: 2
  m_RayTraceProcedural: 0
  m_RenderingLayerMask: 1
  m_RendererPriority: 0
  m_Materials:
  - {fileID: 2100000, guid: 51cb76302bbb27a468fd0b4166902755, type: 2}
  m_StaticBatchInfo:
    firstSubMesh: 0
    subMeshCount: 0
  m_StaticBatchRoot: {fileID: 0}
  m_ProbeAnchor: {fileID: 0}
  m_LightProbeVolumeOverride: {fileID: 0}
  m_ScaleInLightmap: 1
  m_ReceiveGI: 1
  m_PreserveUVs: 0
  m_IgnoreNormalsForChartDetection: 0
  m_ImportantGI: 0
  m_StitchLightmapSeams: 1
  m_SelectedEditorRenderState: 3
  m_MinimumChartSize: 4
  m_AutoUVMaxDistance: 0.5
  m_AutoUVMaxAngle: 89
  m_LightmapParameters: {fileID: 0}
  m_SortingLayerID: 0
  m_SortingLayer: 0
  m_SortingOrder: 0
  m_AdditionalVertexStreams: {fileID: 0}
--- !u!65 &6984234725940979894
BoxCollider:
  m_ObjectHideFlags: 0
  m_CorrespondingSourceObject: {fileID: 0}
  m_PrefabInstance: {fileID: 0}
  m_PrefabAsset: {fileID: 0}
  m_GameObject: {fileID: 3619746758039692226}
  m_Material: {fileID: 0}
  m_IsTrigger: 0
  m_Enabled: 1
  serializedVersion: 2
  m_Size: {x: 1.8699741, y: 0.42042556, z: 1.7195208}
  m_Center: {x: -0.00000014901161, y: -0.000000014901161, z: 0}
--- !u!1 &4589331852444396926
GameObject:
  m_ObjectHideFlags: 0
  m_CorrespondingSourceObject: {fileID: 0}
  m_PrefabInstance: {fileID: 0}
  m_PrefabAsset: {fileID: 0}
  serializedVersion: 6
  m_Component:
  - component: {fileID: 4589331852444396921}
  m_Layer: 0
  m_Name: palet_locker_ver_1
  m_TagString: Untagged
  m_Icon: {fileID: 0}
  m_NavMeshLayer: 0
  m_StaticEditorFlags: 0
  m_IsActive: 1
--- !u!4 &4589331852444396921
Transform:
  m_ObjectHideFlags: 0
  m_CorrespondingSourceObject: {fileID: 0}
  m_PrefabInstance: {fileID: 0}
  m_PrefabAsset: {fileID: 0}
  m_GameObject: {fileID: 4589331852444396926}
  m_LocalRotation: {x: 0, y: 0, z: 0, w: 1}
  m_LocalPosition: {x: 2, y: 0.079, z: 3}
  m_LocalScale: {x: 1, y: 1, z: 1}
  m_Children:
  - {fileID: 4138874934814554488}
  - {fileID: 7161973854275613098}
  - {fileID: 7161973854481038954}
  - {fileID: 7161973853929295966}
  - {fileID: 7161973853344615121}
  - {fileID: 7161973854975274896}
  - {fileID: 7161973852902137335}
  - {fileID: 7161973853554979633}
  - {fileID: 7161973853145491793}
  - {fileID: 7161973853695644501}
  m_Father: {fileID: 0}
  m_RootOrder: 0
  m_LocalEulerAnglesHint: {x: 0, y: 0, z: 0}
--- !u!1001 &4589331851888614292
PrefabInstance:
  m_ObjectHideFlags: 0
  serializedVersion: 2
  m_Modification:
    m_TransformParent: {fileID: 4589331852444396921}
    m_Modifications:
    - target: {fileID: 6313823389748215620, guid: 75dbd9ef0ac082b47bad7173ce70c450, type: 3}
      propertyPath: m_Name
      value: locker_red (1)
      objectReference: {fileID: 0}
    - target: {fileID: 6689222341669348862, guid: 75dbd9ef0ac082b47bad7173ce70c450, type: 3}
      propertyPath: m_LocalPosition.x
      value: -0.296
      objectReference: {fileID: 0}
    - target: {fileID: 6689222341669348862, guid: 75dbd9ef0ac082b47bad7173ce70c450, type: 3}
      propertyPath: m_LocalPosition.y
      value: 0.26500002
      objectReference: {fileID: 0}
    - target: {fileID: 6689222341669348862, guid: 75dbd9ef0ac082b47bad7173ce70c450, type: 3}
      propertyPath: m_LocalPosition.z
      value: 0.0039999485
      objectReference: {fileID: 0}
    - target: {fileID: 6689222341669348862, guid: 75dbd9ef0ac082b47bad7173ce70c450, type: 3}
      propertyPath: m_LocalRotation.x
      value: -0
      objectReference: {fileID: 0}
    - target: {fileID: 6689222341669348862, guid: 75dbd9ef0ac082b47bad7173ce70c450, type: 3}
      propertyPath: m_LocalRotation.y
      value: -0.7071068
      objectReference: {fileID: 0}
    - target: {fileID: 6689222341669348862, guid: 75dbd9ef0ac082b47bad7173ce70c450, type: 3}
      propertyPath: m_LocalRotation.z
      value: -0
      objectReference: {fileID: 0}
    - target: {fileID: 6689222341669348862, guid: 75dbd9ef0ac082b47bad7173ce70c450, type: 3}
      propertyPath: m_LocalRotation.w
      value: 0.7071068
      objectReference: {fileID: 0}
    - target: {fileID: 6689222341669348862, guid: 75dbd9ef0ac082b47bad7173ce70c450, type: 3}
      propertyPath: m_RootOrder
      value: 2
      objectReference: {fileID: 0}
    - target: {fileID: 6689222341669348862, guid: 75dbd9ef0ac082b47bad7173ce70c450, type: 3}
      propertyPath: m_LocalEulerAnglesHint.x
      value: 0
      objectReference: {fileID: 0}
    - target: {fileID: 6689222341669348862, guid: 75dbd9ef0ac082b47bad7173ce70c450, type: 3}
      propertyPath: m_LocalEulerAnglesHint.y
      value: -90
      objectReference: {fileID: 0}
    - target: {fileID: 6689222341669348862, guid: 75dbd9ef0ac082b47bad7173ce70c450, type: 3}
      propertyPath: m_LocalEulerAnglesHint.z
      value: 0
      objectReference: {fileID: 0}
    m_RemovedComponents: []
  m_SourcePrefab: {fileID: 100100000, guid: 75dbd9ef0ac082b47bad7173ce70c450, type: 3}
--- !u!4 &7161973854481038954 stripped
Transform:
  m_CorrespondingSourceObject: {fileID: 6689222341669348862, guid: 75dbd9ef0ac082b47bad7173ce70c450, type: 3}
  m_PrefabInstance: {fileID: 4589331851888614292}
  m_PrefabAsset: {fileID: 0}
--- !u!1001 &4589331851959948372
PrefabInstance:
  m_ObjectHideFlags: 0
  serializedVersion: 2
  m_Modification:
    m_TransformParent: {fileID: 4589331852444396921}
    m_Modifications:
    - target: {fileID: 6313823389748215620, guid: 75dbd9ef0ac082b47bad7173ce70c450, type: 3}
      propertyPath: m_Name
      value: locker_red
      objectReference: {fileID: 0}
    - target: {fileID: 6689222341669348862, guid: 75dbd9ef0ac082b47bad7173ce70c450, type: 3}
      propertyPath: m_LocalPosition.x
      value: -0.296
      objectReference: {fileID: 0}
    - target: {fileID: 6689222341669348862, guid: 75dbd9ef0ac082b47bad7173ce70c450, type: 3}
      propertyPath: m_LocalPosition.y
      value: 0.26500002
      objectReference: {fileID: 0}
    - target: {fileID: 6689222341669348862, guid: 75dbd9ef0ac082b47bad7173ce70c450, type: 3}
      propertyPath: m_LocalPosition.z
      value: 0.296
      objectReference: {fileID: 0}
    - target: {fileID: 6689222341669348862, guid: 75dbd9ef0ac082b47bad7173ce70c450, type: 3}
      propertyPath: m_LocalRotation.x
      value: -0
      objectReference: {fileID: 0}
    - target: {fileID: 6689222341669348862, guid: 75dbd9ef0ac082b47bad7173ce70c450, type: 3}
      propertyPath: m_LocalRotation.y
      value: -0.7071068
      objectReference: {fileID: 0}
    - target: {fileID: 6689222341669348862, guid: 75dbd9ef0ac082b47bad7173ce70c450, type: 3}
      propertyPath: m_LocalRotation.z
      value: -0
      objectReference: {fileID: 0}
    - target: {fileID: 6689222341669348862, guid: 75dbd9ef0ac082b47bad7173ce70c450, type: 3}
      propertyPath: m_LocalRotation.w
      value: 0.7071068
      objectReference: {fileID: 0}
    - target: {fileID: 6689222341669348862, guid: 75dbd9ef0ac082b47bad7173ce70c450, type: 3}
      propertyPath: m_RootOrder
      value: 1
      objectReference: {fileID: 0}
    - target: {fileID: 6689222341669348862, guid: 75dbd9ef0ac082b47bad7173ce70c450, type: 3}
      propertyPath: m_LocalEulerAnglesHint.x
      value: 0
      objectReference: {fileID: 0}
    - target: {fileID: 6689222341669348862, guid: 75dbd9ef0ac082b47bad7173ce70c450, type: 3}
      propertyPath: m_LocalEulerAnglesHint.y
      value: -90
      objectReference: {fileID: 0}
    - target: {fileID: 6689222341669348862, guid: 75dbd9ef0ac082b47bad7173ce70c450, type: 3}
      propertyPath: m_LocalEulerAnglesHint.z
      value: 0
      objectReference: {fileID: 0}
    m_RemovedComponents: []
  m_SourcePrefab: {fileID: 100100000, guid: 75dbd9ef0ac082b47bad7173ce70c450, type: 3}
--- !u!4 &7161973854275613098 stripped
Transform:
  m_CorrespondingSourceObject: {fileID: 6689222341669348862, guid: 75dbd9ef0ac082b47bad7173ce70c450, type: 3}
  m_PrefabInstance: {fileID: 4589331851959948372}
  m_PrefabAsset: {fileID: 0}
--- !u!1001 &4589331852466145902
PrefabInstance:
  m_ObjectHideFlags: 0
  serializedVersion: 2
  m_Modification:
    m_TransformParent: {fileID: 4589331852444396921}
    m_Modifications:
    - target: {fileID: 6313823389748215620, guid: 75dbd9ef0ac082b47bad7173ce70c450, type: 3}
      propertyPath: m_Name
      value: locker_red (4)
      objectReference: {fileID: 0}
    - target: {fileID: 6689222341669348862, guid: 75dbd9ef0ac082b47bad7173ce70c450, type: 3}
      propertyPath: m_LocalPosition.x
      value: -0.0038737059
      objectReference: {fileID: 0}
    - target: {fileID: 6689222341669348862, guid: 75dbd9ef0ac082b47bad7173ce70c450, type: 3}
      propertyPath: m_LocalPosition.y
      value: 0.26500002
      objectReference: {fileID: 0}
    - target: {fileID: 6689222341669348862, guid: 75dbd9ef0ac082b47bad7173ce70c450, type: 3}
      propertyPath: m_LocalPosition.z
      value: 0.0039999485
      objectReference: {fileID: 0}
    - target: {fileID: 6689222341669348862, guid: 75dbd9ef0ac082b47bad7173ce70c450, type: 3}
      propertyPath: m_LocalRotation.x
      value: -0
      objectReference: {fileID: 0}
    - target: {fileID: 6689222341669348862, guid: 75dbd9ef0ac082b47bad7173ce70c450, type: 3}
      propertyPath: m_LocalRotation.y
      value: -0.7071068
      objectReference: {fileID: 0}
    - target: {fileID: 6689222341669348862, guid: 75dbd9ef0ac082b47bad7173ce70c450, type: 3}
      propertyPath: m_LocalRotation.z
      value: -0
      objectReference: {fileID: 0}
    - target: {fileID: 6689222341669348862, guid: 75dbd9ef0ac082b47bad7173ce70c450, type: 3}
      propertyPath: m_LocalRotation.w
      value: 0.7071068
      objectReference: {fileID: 0}
    - target: {fileID: 6689222341669348862, guid: 75dbd9ef0ac082b47bad7173ce70c450, type: 3}
      propertyPath: m_RootOrder
      value: 5
      objectReference: {fileID: 0}
    - target: {fileID: 6689222341669348862, guid: 75dbd9ef0ac082b47bad7173ce70c450, type: 3}
      propertyPath: m_LocalEulerAnglesHint.x
      value: 0
      objectReference: {fileID: 0}
    - target: {fileID: 6689222341669348862, guid: 75dbd9ef0ac082b47bad7173ce70c450, type: 3}
      propertyPath: m_LocalEulerAnglesHint.y
      value: -90
      objectReference: {fileID: 0}
    - target: {fileID: 6689222341669348862, guid: 75dbd9ef0ac082b47bad7173ce70c450, type: 3}
      propertyPath: m_LocalEulerAnglesHint.z
      value: 0
      objectReference: {fileID: 0}
    m_RemovedComponents: []
  m_SourcePrefab: {fileID: 100100000, guid: 75dbd9ef0ac082b47bad7173ce70c450, type: 3}
--- !u!4 &7161973854975274896 stripped
Transform:
  m_CorrespondingSourceObject: {fileID: 6689222341669348862, guid: 75dbd9ef0ac082b47bad7173ce70c450, type: 3}
  m_PrefabInstance: {fileID: 4589331852466145902}
  m_PrefabAsset: {fileID: 0}
--- !u!1001 &4589331852924497711
PrefabInstance:
  m_ObjectHideFlags: 0
  serializedVersion: 2
  m_Modification:
    m_TransformParent: {fileID: 4589331852444396921}
    m_Modifications:
    - target: {fileID: 6313823389748215620, guid: 75dbd9ef0ac082b47bad7173ce70c450, type: 3}
      propertyPath: m_Name
      value: locker_red (3)
      objectReference: {fileID: 0}
    - target: {fileID: 6689222341669348862, guid: 75dbd9ef0ac082b47bad7173ce70c450, type: 3}
      propertyPath: m_LocalPosition.x
      value: -0.024
      objectReference: {fileID: 0}
    - target: {fileID: 6689222341669348862, guid: 75dbd9ef0ac082b47bad7173ce70c450, type: 3}
      propertyPath: m_LocalPosition.y
      value: 0.26500002
      objectReference: {fileID: 0}
    - target: {fileID: 6689222341669348862, guid: 75dbd9ef0ac082b47bad7173ce70c450, type: 3}
      propertyPath: m_LocalPosition.z
      value: 0.33755302
      objectReference: {fileID: 0}
    - target: {fileID: 6689222341669348862, guid: 75dbd9ef0ac082b47bad7173ce70c450, type: 3}
      propertyPath: m_LocalRotation.x
      value: -0
      objectReference: {fileID: 0}
    - target: {fileID: 6689222341669348862, guid: 75dbd9ef0ac082b47bad7173ce70c450, type: 3}
      propertyPath: m_LocalRotation.y
      value: -0.0000014603138
      objectReference: {fileID: 0}
    - target: {fileID: 6689222341669348862, guid: 75dbd9ef0ac082b47bad7173ce70c450, type: 3}
      propertyPath: m_LocalRotation.z
      value: -0
      objectReference: {fileID: 0}
    - target: {fileID: 6689222341669348862, guid: 75dbd9ef0ac082b47bad7173ce70c450, type: 3}
      propertyPath: m_LocalRotation.w
      value: 1
      objectReference: {fileID: 0}
    - target: {fileID: 6689222341669348862, guid: 75dbd9ef0ac082b47bad7173ce70c450, type: 3}
      propertyPath: m_RootOrder
      value: 4
      objectReference: {fileID: 0}
    - target: {fileID: 6689222341669348862, guid: 75dbd9ef0ac082b47bad7173ce70c450, type: 3}
      propertyPath: m_LocalEulerAnglesHint.x
      value: 0
      objectReference: {fileID: 0}
    - target: {fileID: 6689222341669348862, guid: 75dbd9ef0ac082b47bad7173ce70c450, type: 3}
      propertyPath: m_LocalEulerAnglesHint.y
      value: 0
      objectReference: {fileID: 0}
    - target: {fileID: 6689222341669348862, guid: 75dbd9ef0ac082b47bad7173ce70c450, type: 3}
      propertyPath: m_LocalEulerAnglesHint.z
      value: 0
      objectReference: {fileID: 0}
    m_RemovedComponents: []
  m_SourcePrefab: {fileID: 100100000, guid: 75dbd9ef0ac082b47bad7173ce70c450, type: 3}
--- !u!4 &7161973853344615121 stripped
Transform:
  m_CorrespondingSourceObject: {fileID: 6689222341669348862, guid: 75dbd9ef0ac082b47bad7173ce70c450, type: 3}
  m_PrefabInstance: {fileID: 4589331852924497711}
  m_PrefabAsset: {fileID: 0}
--- !u!1001 &4589331853253643439
PrefabInstance:
  m_ObjectHideFlags: 0
  serializedVersion: 2
  m_Modification:
    m_TransformParent: {fileID: 4589331852444396921}
    m_Modifications:
    - target: {fileID: 6313823389748215620, guid: 75dbd9ef0ac082b47bad7173ce70c450, type: 3}
      propertyPath: m_Name
      value: locker_red (7)
      objectReference: {fileID: 0}
    - target: {fileID: 6689222341669348862, guid: 75dbd9ef0ac082b47bad7173ce70c450, type: 3}
      propertyPath: m_LocalPosition.x
      value: 0.2741263
      objectReference: {fileID: 0}
    - target: {fileID: 6689222341669348862, guid: 75dbd9ef0ac082b47bad7173ce70c450, type: 3}
      propertyPath: m_LocalPosition.y
      value: 0.26500002
      objectReference: {fileID: 0}
    - target: {fileID: 6689222341669348862, guid: 75dbd9ef0ac082b47bad7173ce70c450, type: 3}
      propertyPath: m_LocalPosition.z
      value: 0.007999659
      objectReference: {fileID: 0}
    - target: {fileID: 6689222341669348862, guid: 75dbd9ef0ac082b47bad7173ce70c450, type: 3}
      propertyPath: m_LocalRotation.x
      value: -0
      objectReference: {fileID: 0}
    - target: {fileID: 6689222341669348862, guid: 75dbd9ef0ac082b47bad7173ce70c450, type: 3}
      propertyPath: m_LocalRotation.y
      value: -0.70710886
      objectReference: {fileID: 0}
    - target: {fileID: 6689222341669348862, guid: 75dbd9ef0ac082b47bad7173ce70c450, type: 3}
      propertyPath: m_LocalRotation.z
      value: -0
      objectReference: {fileID: 0}
    - target: {fileID: 6689222341669348862, guid: 75dbd9ef0ac082b47bad7173ce70c450, type: 3}
      propertyPath: m_LocalRotation.w
      value: -0.7071048
      objectReference: {fileID: 0}
    - target: {fileID: 6689222341669348862, guid: 75dbd9ef0ac082b47bad7173ce70c450, type: 3}
      propertyPath: m_RootOrder
      value: 8
      objectReference: {fileID: 0}
    - target: {fileID: 6689222341669348862, guid: 75dbd9ef0ac082b47bad7173ce70c450, type: 3}
      propertyPath: m_LocalEulerAnglesHint.x
      value: 0
      objectReference: {fileID: 0}
    - target: {fileID: 6689222341669348862, guid: 75dbd9ef0ac082b47bad7173ce70c450, type: 3}
      propertyPath: m_LocalEulerAnglesHint.y
      value: -270
      objectReference: {fileID: 0}
    - target: {fileID: 6689222341669348862, guid: 75dbd9ef0ac082b47bad7173ce70c450, type: 3}
      propertyPath: m_LocalEulerAnglesHint.z
      value: 0
      objectReference: {fileID: 0}
    m_RemovedComponents: []
  m_SourcePrefab: {fileID: 100100000, guid: 75dbd9ef0ac082b47bad7173ce70c450, type: 3}
--- !u!4 &7161973853145491793 stripped
Transform:
  m_CorrespondingSourceObject: {fileID: 6689222341669348862, guid: 75dbd9ef0ac082b47bad7173ce70c450, type: 3}
  m_PrefabInstance: {fileID: 4589331853253643439}
  m_PrefabAsset: {fileID: 0}
--- !u!1001 &4589331853329102857
PrefabInstance:
  m_ObjectHideFlags: 0
  serializedVersion: 2
  m_Modification:
    m_TransformParent: {fileID: 4589331852444396921}
    m_Modifications:
    - target: {fileID: 6313823389748215620, guid: 75dbd9ef0ac082b47bad7173ce70c450, type: 3}
      propertyPath: m_Name
      value: locker_red (5)
      objectReference: {fileID: 0}
    - target: {fileID: 6689222341669348862, guid: 75dbd9ef0ac082b47bad7173ce70c450, type: 3}
      propertyPath: m_LocalPosition.x
      value: -0.008
      objectReference: {fileID: 0}
    - target: {fileID: 6689222341669348862, guid: 75dbd9ef0ac082b47bad7173ce70c450, type: 3}
      propertyPath: m_LocalPosition.y
      value: 0.26500002
      objectReference: {fileID: 0}
    - target: {fileID: 6689222341669348862, guid: 75dbd9ef0ac082b47bad7173ce70c450, type: 3}
      propertyPath: m_LocalPosition.z
      value: -0.32555318
      objectReference: {fileID: 0}
    - target: {fileID: 6689222341669348862, guid: 75dbd9ef0ac082b47bad7173ce70c450, type: 3}
      propertyPath: m_LocalRotation.x
      value: -0
      objectReference: {fileID: 0}
    - target: {fileID: 6689222341669348862, guid: 75dbd9ef0ac082b47bad7173ce70c450, type: 3}
      propertyPath: m_LocalRotation.y
      value: 1
      objectReference: {fileID: 0}
    - target: {fileID: 6689222341669348862, guid: 75dbd9ef0ac082b47bad7173ce70c450, type: 3}
      propertyPath: m_LocalRotation.z
      value: -0
      objectReference: {fileID: 0}
    - target: {fileID: 6689222341669348862, guid: 75dbd9ef0ac082b47bad7173ce70c450, type: 3}
      propertyPath: m_LocalRotation.w
      value: 0.0000043362375
      objectReference: {fileID: 0}
    - target: {fileID: 6689222341669348862, guid: 75dbd9ef0ac082b47bad7173ce70c450, type: 3}
      propertyPath: m_RootOrder
      value: 6
      objectReference: {fileID: 0}
    - target: {fileID: 6689222341669348862, guid: 75dbd9ef0ac082b47bad7173ce70c450, type: 3}
      propertyPath: m_LocalEulerAnglesHint.x
      value: 0
      objectReference: {fileID: 0}
    - target: {fileID: 6689222341669348862, guid: 75dbd9ef0ac082b47bad7173ce70c450, type: 3}
      propertyPath: m_LocalEulerAnglesHint.y
      value: 180
      objectReference: {fileID: 0}
    - target: {fileID: 6689222341669348862, guid: 75dbd9ef0ac082b47bad7173ce70c450, type: 3}
      propertyPath: m_LocalEulerAnglesHint.z
      value: 0
      objectReference: {fileID: 0}
    m_RemovedComponents: []
  m_SourcePrefab: {fileID: 100100000, guid: 75dbd9ef0ac082b47bad7173ce70c450, type: 3}
--- !u!4 &7161973852902137335 stripped
Transform:
  m_CorrespondingSourceObject: {fileID: 6689222341669348862, guid: 75dbd9ef0ac082b47bad7173ce70c450, type: 3}
  m_PrefabInstance: {fileID: 4589331853329102857}
  m_PrefabAsset: {fileID: 0}
--- !u!1001 &4589331853510030752
PrefabInstance:
  m_ObjectHideFlags: 0
  serializedVersion: 2
  m_Modification:
    m_TransformParent: {fileID: 4589331852444396921}
    m_Modifications:
    - target: {fileID: 6313823389748215620, guid: 75dbd9ef0ac082b47bad7173ce70c450, type: 3}
      propertyPath: m_Name
      value: locker_red (2)
      objectReference: {fileID: 0}
    - target: {fileID: 6689222341669348862, guid: 75dbd9ef0ac082b47bad7173ce70c450, type: 3}
      propertyPath: m_LocalPosition.x
      value: -0.296
      objectReference: {fileID: 0}
    - target: {fileID: 6689222341669348862, guid: 75dbd9ef0ac082b47bad7173ce70c450, type: 3}
      propertyPath: m_LocalPosition.y
      value: 0.26500002
      objectReference: {fileID: 0}
    - target: {fileID: 6689222341669348862, guid: 75dbd9ef0ac082b47bad7173ce70c450, type: 3}
      propertyPath: m_LocalPosition.z
      value: -0.28399992
      objectReference: {fileID: 0}
    - target: {fileID: 6689222341669348862, guid: 75dbd9ef0ac082b47bad7173ce70c450, type: 3}
      propertyPath: m_LocalRotation.x
      value: -0
      objectReference: {fileID: 0}
    - target: {fileID: 6689222341669348862, guid: 75dbd9ef0ac082b47bad7173ce70c450, type: 3}
      propertyPath: m_LocalRotation.y
      value: -0.7071068
      objectReference: {fileID: 0}
    - target: {fileID: 6689222341669348862, guid: 75dbd9ef0ac082b47bad7173ce70c450, type: 3}
      propertyPath: m_LocalRotation.z
      value: -0
      objectReference: {fileID: 0}
    - target: {fileID: 6689222341669348862, guid: 75dbd9ef0ac082b47bad7173ce70c450, type: 3}
      propertyPath: m_LocalRotation.w
      value: 0.7071068
      objectReference: {fileID: 0}
    - target: {fileID: 6689222341669348862, guid: 75dbd9ef0ac082b47bad7173ce70c450, type: 3}
      propertyPath: m_RootOrder
      value: 3
      objectReference: {fileID: 0}
    - target: {fileID: 6689222341669348862, guid: 75dbd9ef0ac082b47bad7173ce70c450, type: 3}
      propertyPath: m_LocalEulerAnglesHint.x
      value: 0
      objectReference: {fileID: 0}
    - target: {fileID: 6689222341669348862, guid: 75dbd9ef0ac082b47bad7173ce70c450, type: 3}
      propertyPath: m_LocalEulerAnglesHint.y
      value: -90
      objectReference: {fileID: 0}
    - target: {fileID: 6689222341669348862, guid: 75dbd9ef0ac082b47bad7173ce70c450, type: 3}
      propertyPath: m_LocalEulerAnglesHint.z
      value: 0
      objectReference: {fileID: 0}
    m_RemovedComponents: []
  m_SourcePrefab: {fileID: 100100000, guid: 75dbd9ef0ac082b47bad7173ce70c450, type: 3}
--- !u!4 &7161973853929295966 stripped
Transform:
  m_CorrespondingSourceObject: {fileID: 6689222341669348862, guid: 75dbd9ef0ac082b47bad7173ce70c450, type: 3}
  m_PrefabInstance: {fileID: 4589331853510030752}
  m_PrefabAsset: {fileID: 0}
--- !u!1001 &4589331853611431595
PrefabInstance:
  m_ObjectHideFlags: 0
  serializedVersion: 2
  m_Modification:
    m_TransformParent: {fileID: 4589331852444396921}
    m_Modifications:
    - target: {fileID: 6313823389748215620, guid: 75dbd9ef0ac082b47bad7173ce70c450, type: 3}
      propertyPath: m_Name
      value: locker_red (6)
      objectReference: {fileID: 0}
    - target: {fileID: 6689222341669348862, guid: 75dbd9ef0ac082b47bad7173ce70c450, type: 3}
      propertyPath: m_LocalPosition.x
      value: 0.2741258
      objectReference: {fileID: 0}
    - target: {fileID: 6689222341669348862, guid: 75dbd9ef0ac082b47bad7173ce70c450, type: 3}
      propertyPath: m_LocalPosition.y
      value: 0.26500002
      objectReference: {fileID: 0}
    - target: {fileID: 6689222341669348862, guid: 75dbd9ef0ac082b47bad7173ce70c450, type: 3}
      propertyPath: m_LocalPosition.z
      value: -0.28400016
      objectReference: {fileID: 0}
    - target: {fileID: 6689222341669348862, guid: 75dbd9ef0ac082b47bad7173ce70c450, type: 3}
      propertyPath: m_LocalRotation.x
      value: -0
      objectReference: {fileID: 0}
    - target: {fileID: 6689222341669348862, guid: 75dbd9ef0ac082b47bad7173ce70c450, type: 3}
      propertyPath: m_LocalRotation.y
      value: -0.70710886
      objectReference: {fileID: 0}
    - target: {fileID: 6689222341669348862, guid: 75dbd9ef0ac082b47bad7173ce70c450, type: 3}
      propertyPath: m_LocalRotation.z
      value: -0
      objectReference: {fileID: 0}
    - target: {fileID: 6689222341669348862, guid: 75dbd9ef0ac082b47bad7173ce70c450, type: 3}
      propertyPath: m_LocalRotation.w
      value: -0.7071048
      objectReference: {fileID: 0}
    - target: {fileID: 6689222341669348862, guid: 75dbd9ef0ac082b47bad7173ce70c450, type: 3}
      propertyPath: m_RootOrder
      value: 9
      objectReference: {fileID: 0}
    - target: {fileID: 6689222341669348862, guid: 75dbd9ef0ac082b47bad7173ce70c450, type: 3}
      propertyPath: m_LocalEulerAnglesHint.x
      value: 0
      objectReference: {fileID: 0}
    - target: {fileID: 6689222341669348862, guid: 75dbd9ef0ac082b47bad7173ce70c450, type: 3}
      propertyPath: m_LocalEulerAnglesHint.y
      value: -270
      objectReference: {fileID: 0}
    - target: {fileID: 6689222341669348862, guid: 75dbd9ef0ac082b47bad7173ce70c450, type: 3}
      propertyPath: m_LocalEulerAnglesHint.z
      value: 0
      objectReference: {fileID: 0}
    m_RemovedComponents: []
  m_SourcePrefab: {fileID: 100100000, guid: 75dbd9ef0ac082b47bad7173ce70c450, type: 3}
--- !u!4 &7161973853695644501 stripped
Transform:
  m_CorrespondingSourceObject: {fileID: 6689222341669348862, guid: 75dbd9ef0ac082b47bad7173ce70c450, type: 3}
  m_PrefabInstance: {fileID: 4589331853611431595}
  m_PrefabAsset: {fileID: 0}
--- !u!1001 &4589331853915805391
PrefabInstance:
  m_ObjectHideFlags: 0
  serializedVersion: 2
  m_Modification:
    m_TransformParent: {fileID: 4589331852444396921}
    m_Modifications:
    - target: {fileID: 6313823389748215620, guid: 75dbd9ef0ac082b47bad7173ce70c450, type: 3}
      propertyPath: m_Name
      value: locker_red (8)
      objectReference: {fileID: 0}
    - target: {fileID: 6689222341669348862, guid: 75dbd9ef0ac082b47bad7173ce70c450, type: 3}
      propertyPath: m_LocalPosition.x
      value: 0.27412748
      objectReference: {fileID: 0}
    - target: {fileID: 6689222341669348862, guid: 75dbd9ef0ac082b47bad7173ce70c450, type: 3}
      propertyPath: m_LocalPosition.y
      value: 0.26500002
      objectReference: {fileID: 0}
    - target: {fileID: 6689222341669348862, guid: 75dbd9ef0ac082b47bad7173ce70c450, type: 3}
      propertyPath: m_LocalPosition.z
      value: 0.29599953
      objectReference: {fileID: 0}
    - target: {fileID: 6689222341669348862, guid: 75dbd9ef0ac082b47bad7173ce70c450, type: 3}
      propertyPath: m_LocalRotation.x
      value: -0
      objectReference: {fileID: 0}
    - target: {fileID: 6689222341669348862, guid: 75dbd9ef0ac082b47bad7173ce70c450, type: 3}
      propertyPath: m_LocalRotation.y
      value: -0.70710886
      objectReference: {fileID: 0}
    - target: {fileID: 6689222341669348862, guid: 75dbd9ef0ac082b47bad7173ce70c450, type: 3}
      propertyPath: m_LocalRotation.z
      value: -0
      objectReference: {fileID: 0}
    - target: {fileID: 6689222341669348862, guid: 75dbd9ef0ac082b47bad7173ce70c450, type: 3}
      propertyPath: m_LocalRotation.w
      value: -0.7071048
      objectReference: {fileID: 0}
    - target: {fileID: 6689222341669348862, guid: 75dbd9ef0ac082b47bad7173ce70c450, type: 3}
      propertyPath: m_RootOrder
      value: 7
      objectReference: {fileID: 0}
    - target: {fileID: 6689222341669348862, guid: 75dbd9ef0ac082b47bad7173ce70c450, type: 3}
      propertyPath: m_LocalEulerAnglesHint.x
      value: 0
      objectReference: {fileID: 0}
    - target: {fileID: 6689222341669348862, guid: 75dbd9ef0ac082b47bad7173ce70c450, type: 3}
      propertyPath: m_LocalEulerAnglesHint.y
      value: -270
      objectReference: {fileID: 0}
    - target: {fileID: 6689222341669348862, guid: 75dbd9ef0ac082b47bad7173ce70c450, type: 3}
      propertyPath: m_LocalEulerAnglesHint.z
      value: 0
      objectReference: {fileID: 0}
    m_RemovedComponents: []
  m_SourcePrefab: {fileID: 100100000, guid: 75dbd9ef0ac082b47bad7173ce70c450, type: 3}
--- !u!4 &7161973853554979633 stripped
Transform:
  m_CorrespondingSourceObject: {fileID: 6689222341669348862, guid: 75dbd9ef0ac082b47bad7173ce70c450, type: 3}
  m_PrefabInstance: {fileID: 4589331853915805391}
  m_PrefabAsset: {fileID: 0}
